3019 4878
298 247 346 280 ο.
372 238 455 281 Οιι.
487 237 707 279 534-510,

300 380 456 439 citer
515 378 577 438 in
635 376 941 438 absentem
1000 376 1387 456 Tarquinium
1447 385 1577 438 erat
1628 378 1925 439 invectus:

1105 235 1111 240 ·
1161 220 1384 275 LIBER
1406 223 1453 275 Ι.
1502 224 1662 277 ΟΑΡ.
1698 228 1780 277 50.

2526 226 2649 292 139

2014 377 2170 440 haud
2223 381 2442 441 mirum
2510 399 2644 442 esse

298 459 581 540 Superbo
625 460 878 521 inditum
923 461 1147 522 Romae
1189 477 1542 538 cognomen.
1575 496 1662 507 -
1704 463 1819 522 iam
1869 465 2029 524 enim
2073 464 2154 525 ita
2199 466 2348 525 clam
2396 464 2640 544 quidem

300 547 704 614 mussitantes
752 543 922 622 volgo
967 554 1167 606 tamen
1214 564 1349 605 eum
1395 545 1777 625 appellabant
1809 580 1909 607 -.
1973 566 2049 609 an
2080 549 2396 628 quicquam
2428 567 2641 627 super·
2732 549 2740 555 '

298 630 441 692 bius
487 648 618 691 esse
662 648 839 708 quam
883 629 1177 692 ludificari
1233 632 1317 690 sic
1363 647 1540 690 omne
1586 648 1801 691 nomen
1849 625 2162 693 Latinum?
2264 633 2639 713 principibus
2672 646 2710 695 4

296 714 480 792 longe
525 733 557 775 a
603 714 781 775 domo
827 716 1034 776 excitis
1077 715 1301 793 ipsum,
1350 717 1452 792 qui
1500 714 1822 776 concilium
1870 716 2177 787 indixerit,
2236 735 2357 779 non
2403 719 2636 779 adesse.

299 800 581 878 temptari
637 799 904 878 profecto
961 801 1340 878 patientiam,
1399 808 1496 871 ut,
1554 802 1605 860 si
1661 802 1864 877 iugum
1928 802 2292 880 acceperint,
2351 802 2639 863 obnoxios

299 890 556 963 premat.
604 884 609 891 ⁴
645 885 741 945 cui
787 887 945 944 enim
992 901 1111 943 non
1158 900 1466 963 apparere,
1526 884 1827 944 adfectare
1872 904 2011 947 eum
2052 886 2367 965 imperium
2416 889 2477 947 in
2526 886 2636 947 La-

300 969 498 1030 tinos?
587 969 740 1046 quod
789 970 837 1028 si
880 972 972 1029 sui
1021 967 1177 1030 bene
1222 968 1590 1030 crediderint
1633 971 1822 1039 cives,
1881 979 1982 1030 aut
2034 972 2085 1029 si
2138 972 2432 1031 creditum
2489 970 2636 1031 inud
2676 990 2708 1036 5

218 1130 224 1140 ι
301 1063 361 1114 et
417 1071 539 1114 non
600 1061 836 1132 raptum
889 1054 1216 1133 parricidio
1273 1057 1379 1123 sit,
1441 1053 1692 1114 credere
1738 1059 1800 1113 et
1841 1053 2097 1129 Latinos
2158 1073 2516 1135 quamquam
2563 1072 2641 1116 ne

303 1141 394 1199 sic
436 1138 679 1219 quidem
726 1138 1094 1214 alienigenae
1141 1137 1393 1205 debere;
1440 1139 1533 1198 sin
1582 1154 1720 1198 suos
1765 1140 1892 1198 eius
1921 1142 2239 1217 paeniteat,
2288 1141 2505 1219 quippe
2537 1140 2638 1217 qui
2676 1156 2710 1203 6

300 1224 403 1283 aiii
441 1241 624 1303 super
657 1221 802 1282 alios
829 1223 1223 1291 trucidentur,
1271 1221 1569 1283 exulatum
1618 1229 1772 1292 eant,
1823 1222 1975 1283 bona
2008 1225 2294 1293 amittant,
2343 1223 2481 1303 quid
2513 1225 2641 1303 spei

299 1309 570 1370 melioris
625 1306 853 1368 Latinis
910 1308 1226 1385 portendi?
1313 1307 1363 1367 si
1407 1324 1474 1367 se
1519 1307 1790 1376 audiant,
1840 1307 2082 1369 domum
2128 1327 2296 1370 suam
2344 1326 2641 1387 quemque
2722 1353 2729 1359 -

298 1392 442 1454 inde
487 1391 753 1454 abituros
795 1410 992 1471 neque
1036 1394 1226 1469 magis
1270 1390 1692 1452 observaturos
1737 1391 1891 1452 diem
1941 1392 2215 1462 concilii,
2263 1411 2439 1473 quam
2488 1395 2638 1470 ipse,

301 1479 402 1558 qui
446 1477 753 1552 indixerit,
798 1475 1089 1537 observet.
1158 1475 1305 1536 haec
1350 1484 1529 1554 atque
1575 1475 1685 1535 alia
1733 1475 1941 1536 eodem
1988 1478 2346 1555 pertinentia
2393 1478 2637 1537 seditio·
2678 1490 2708 1538 ’1

298 1581 402 1624 sus
465 1562 950 1639 facinorosusque
1017 1559 1194 1620 bomo
1261 1560 1475 1639 bisque
1533 1558 1762 1621 artibus
1817 1579 1960 1638 opes
2018 1561 2176 1621 domi
2237 1570 2447 1623 nactus
2504 1578 2637 1621 cum

300 1649 564 1708 maxime
631 1646 979 1713 dissereret,
1041 1645 1364 1705 intervenit
1417 1644 1800 1726 Tarquinius.

299 1733 499 1793 arersi
543 1748 751 1791 omnes
794 1729 867 1789 ad
914 1729 1302 1808 Tarquinium
1345 1726 1745 1790 salutandum.
1838 1732 1934 1808 qui
1981 1730 2217 1790 silentio
2260 1729 2416 1791 facto
2445 1732 2642 1789 moni-

303 1826 398 1890 tus
444 1835 475 1875 a
508 1816 829 1895 proximis,
887 1824 953 1874 ut
995 1822 1282 1893 purgaret
1323 1832 1408 1884 se,
1455 1814 1612 1893 quod
1662 1814 1720 1873 id
1770 1814 2055 1894 temporis
2100 1817 2390 1884 venisset,
2451 1813 2642 1874 disce-

307 1908 601 1981 ptatorem
648 1902 728 1961 ait
772 1917 837 1959 se
881 1907 1183 1977 sumptum
1230 1900 1386 1958 inter
1416 1907 1649 1976 patrem
1697 1907 1755 1959 et
1796 1898 1981 1976 filium
2028 1916 2168 1959 cura
2213 1897 2643 1962 reconciliandi

303 2003 410 2047 eos
451 1988 515 2045 in
555 1987 807 2062 gratiam
841 1991 1137 2044 moratum
1171 2001 1323 2052 esse,
1371 1990 1429 2042 et
1473 1986 1611 2061 quia
1661 2000 1730 2043 ea
1759 2000 1860 2044 res
1904 1985 2221 2043 exemisset
2263 1981 2429 2044 illum
2463 1983 2641 2051 diem,

299 2079 545 2151 postero
590 2069 688 2129 die
733 2075 1023 2136 acturum,
1072 2085 1224 2146 quae
1265 2067 1697 2127 constituisset.

297 2288 434 2350 (Cic.
471 2283 537 2344 ιι.ῐ
565 2285 761 2342 Caesar
798 2283 1001 2350 nichoz
1039 2287 1089 2346 2,
1126 2287 1210 2348 22,
1250 2287 1298 2340 2.
1333 2286 1417 2347 21,

297 2359 350 2418 ’1,
385 2360 418 2407 2
453 2371 513 2409 ιι.
552 2356 606 2410 ὃ.
673 2352 849 2409 Aricia
888 2350 997 2407 alte
1032 2349 1126 2406 lat.
1153 2350 1310 2407 Stadt
1333 2366 1417 2405 am

302 2424 478 2481 Fusse
514 2421 610 2478 des
636 2418 1134 2488 Albanergebirges
1171 2419 1281 2476 und
1321 2420 1421 2475 der

304 2489 621 2562 Appischen
660 2487 878 2543 Strasse
914 2489 1073 2555 (jetzt
1107 2487 1176 2542 La
1198 2486 1433 2559 Riccia).‚

303 2588 373 2598 -
418 2559 690 2619 inditum,
740 2570 816 2612 sc.
864 2557 933 2611 ei.
979 2583 1046 2591 —
1092 2558 1417 2615 mussitare,

306 2625 467 2682 ‘leise
515 2641 616 2680 vor
660 2624 778 2678 sich
825 2621 919 2678 bin
955 2623 1269 2686 murmeln’,
1315 2617 1416 2677 ὄπ.

233 2705 240 2713 ·
306 2691 434 2761 εἰρ..
479 2708 589 2748 ιιιιι·
636 2691 778 2747 noch
824 2689 910 2745 bei
957 2689 1251 2744 Komikern
1306 2690 1418 2746 und

305 2762 574 2829 spateren
608 2757 1023 2820 vorkommend,
1069 2765 1230 2812 sonst
1265 2773 1419 2813 mus-

306 2844 459 2909 sare,
497 2844 543 2882 ι.
579 2826 635 2884 Β.
675 2830 721 2888 7,
749 2829 834 2893 25,
863 2829 908 2883 1.
945 2852 1012 2863 —
1048 2824 1221 2892 volqo,
1247 2823 1419 2893 allge-

304 2912 465 2953 mem.

387 2984 438 3032 4.
501 2980 737 3043 excitis,
795 2995 837 3033 s.
886 2940 1047 3034 zu⁰c.
1099 2980 1195 3039 23,
1252 2979 1300 3030 ὅ.
1355 3005 1422 3032 -τ-

305 3049 585 3116 temptari,
622 3064 666 3101 s·
705 3062 751 3100 c.
790 3049 883 3107 32,
919 3049 969 3097 4.
1012 3069 1080 3080 -·
1125 3043 1419 3109 obnoxios,

305 3115 388 3236 {ils
434 3110 905 3235 gnterworfene,
965 3110 1318 3175 Dienstbare,
1369 3115 1420 3176 4,

372 3273 421 3324 5.
446 3266 613 3335 quod,
628 3282 678 3320 n.
688 3265 1004 3331 imperium.
1018 3290 1081 3300 -—
1094 3263 1234 3319 bene
1246 3263 1421 3329 cred„

316 3352 391 3392 se.
424 3339 494 3391 ei.
563 3334 721 3393 bene.
760 3338 853 3388 ‘zu
878 3330 1053 3386 ihrem
1077 3330 1249 3386 Heile'
1288 3331 1424 3388 oder

310 3403 385 3458 im
428 3402 489 3458 D.
535 3402 622 3457 ein
671 3399 823 3455 Satz:
895 3405 1091 3454 ‘wenn
1141 3399 1221 3452 sie
1268 3397 1420 3453 wohl

313 3469 477 3527 daran
513 3468 758 3536 gethan’,
796 3464 904 3534 vgl.
928 3481 976 3521 c.
1005 3470 1085 3529 13,
1110 3470 1157 3518 3.
1195 3464 1295 3521 Das
1321 3466 1424 3521 Ge-

311 3537 582 3606 gentheitz
644 3539 727 3597 27,
763 3538 849 3596 34,
887 3537 950 3586 13
996 3533 1135 3601 quid
1167 3535 1246 3588 ita
1281 3532 1427 3588 male

310 3605 526 3662 credito
570 3603 872 3661 consulatu
927 3601 1169 3657 alterum
1228 3601 1426 3657 crede-

314 3678 480 3729 rent?
528 3676 612 3733 35,
647 3675 734 3735 49,
776 3673 834 3720 11
875 3669 1019 3724 male
1056 3669 1429 3725 crediderunt

312 3740 1050 3861 esras.
1069 3736 1431 3859 aeas

348 3851 362 3873 ο
393 3866 399 3871 .
467 3849 482 3872 5
553 3849 567 3862 ⁰
592 3835 659 3844 “““
695 3824 730 3861 a
873 3846 887 3866 ν
1403 3832 1426 3844 ’

312 3875 438 3931 lich.
502 3902 566 3914 —
635 3879 690 3929 et
735 3889 866 3936 non,
923 3870 1034 3927 und
1095 3871 1248 3926 nicht
1293 3870 1425 3927 viel·

316 3943 489 3998 mehr.
526 3969 589 3980 -—
626 3941 887 4004 credere,
925 3955 1002 3996 sc.
1026 3939 1430 4005 imperium.—

320 4027 431 4079 qua
525 4053 537 4064 .
575 4023 645 4065 ne
669 4010 755 4063 sic
772 4025 838 4075 q„
859 4024 916 4063 u.
941 4007 1080 4062 auch
1106 4005 1248 4062 dann
1276 4005 1429 4063 nicht

314 4080 488 4135 einma
538 4078 617 4141 (si
635 4075 883 4135 Romani
911 4074 1050 4130 bene
1071 4073 1336 4138 credid).
1363 4101 1429 4110 --

315 4145 686 4213 alieniqenae,
708 4143 838 4204 ihm,
865 4142 986 4198 dem
1015 4139 1336 4203 Auslander,
1361 4163 1428 4184 ε-

311 4212 383 4269 da
420 4228 480 4268 er
516 4212 605 4267 ein
641 4208 949 4265 Auslander
983 4209 1082 4265 sei.

381 4301 431 4349 6.
469 4310 649 4364 neque
674 4296 876 4362 menois,
904 4292 1108 4351 ebenso
1135 4292 1340 4361 wenig.
1362 4319 1421 4330 -

1483 3517 1486 3520 -
1531 3483 1866 3545 exemisset,

1515 3546 1841 3613 ,aussullem
1896 3564 1960 3605 so
2007 3547 2133 3603 dass
2171 3546 2353 3603 nichts
2389 3544 2648 3600 Anderes

1524 2283 1804 2340 observat.
1843 2325 1855 2337 .
1896 2320 1909 2333 .
1945 2283 2229 2347 observet,
2278 2298 2321 2339 s.
2359 2298 2426 2338 ιιι
2462 2281 2638 2338 Praei.

1524 2350 1971 2475 ἱθὴὲῐῦιεενυανε,
2011 2349 2128 2405 sich
2167 2349 2482 2417 kiimmern,
2523 2350 2641 2405 ein-

1591 2515 1639 2567 7.
1685 2512 2022 2576 seditiosus,
2076 2510 2269 2566 warde
2304 2527 2367 2566 er
2441 2508 2639 2566 assend

1523 2587 1765 2645 genannt
1800 2578 2056 2641 werden,
2093 2594 2258 2634 wenn
2295 2578 2384 2633 die
2445 2579 2642 2642 atiner,

1526 2663 1718 2720 woran
1754 2646 1812 2701 L.
1851 2663 1920 2702 zu
1956 2646 2169 2702 denken
2207 2645 2452 2709 scheint,
2501 2644 2642 2712 jetzt

1526 2714 1700 2769 sehon
1750 2730 1855 2770 von
1893 2713 2029 2769 Rom
2066 2712 2343 2780 abhangig
2379 2727 2641 2791 gewesen

1528 2786 1733 2843 waren,
1780 2797 1897 2836 was
1929 2780 2133 2848 ,iedoch
2172 2780 2316 2837 noch
2354 2780 2508 2860 night
2542 2779 2642 2834 der

1528 2847 1640 2902 Fan
1677 2864 1811 2904 war.
1847 2876 1915 2886 —
1965 2849 2360 2914 facinorosus,
2398 2864 2499 2899 απ.
2538 2843 2637 2913 sle.

1529 2912 1661 2983 (Cic.
1699 2913 1884 2980 oster).
1923 2943 1989 2952 —-
2023 2914 2116 2970 his
2153 2915 2395 2978 artibus,
2432 2912 2643 2969 erklart

1528 2982 1643 3037 sich
1685 2998 1781 3054 aus
1818 2982 2128 3038 seditiosus
2158 2999 2211 3038 ιι.
2243 2982 2639 3050 facinorosus.

1526 3053 1609 3112 23,
1644 3053 1693 3111 2,
1725 3053 1756 3100 2
1782 3050 1949 3105 malis
1973 3049 2195 3106 artibus
2220 3055 2468 3104 nanctus
2492 3063 2648 3121 opes.

1528 3144 1592 3154 -
1631 3119 1900 3183 maxime,
1935 3118 2154 3185 gerade.

1593 3213 1644 3263 8.
1678 3211 1731 3264 is
1760 3208 1809 3278 f.
1842 3211 1973 3275 fuit,
2011 3208 2119 3276 vgl.
2146 3213 2195 3272 8,
2221 3212 2304 3271 24,
2333 3212 2398 3260 16
2433 3211 2486 3263 is
2505 3208 2644 3274 finis

1527 3278 1872 3333 lacerationi
1902 3276 2036 3344 fuit.
2070 3304 2138 3315 —
2174 3278 2383 3338 aversi,
2420 3293 2463 3330 s.
2497 3292 2564 3330 zu
2594 3291 2641 3331 c.

1527 3353 1577 3410 6,
1614 3349 1643 3397 1
1683 3351 1994 3401 avocasset.
2022 3373 2089 3382 -
2124 3345 2188 3400 id
2210 3345 2499 3411 temporis,
2530 3351 2646 3399 erst

1529 3429 1598 3468 zu
1635 3414 1733 3468 der
1768 3413 1907 3475 Zeit,
1951 3413 2098 3474 ‘etzt,
2137 3429 2180 3467 s.
2218 3428 2287 3467 zu
2322 3427 2369 3467 c.
2404 3415 2454 3475 8,
2487 3415 2541 3464 3.
2581 3438 2646 3448 -

1967 3496 2033 3535 en
2092 3478 2205 3547 'rag
2262 3478 2650 3546 wegnehmen,

1532 3616 1688 3671 mehr
1734 3629 2165 3682 vorgenommen
2211 3613 2437 3669 werden
2474 3611 2644 3675 kann;

1533 3682 1740 3739 ebenso
1776 3686 1861 3743 25,
1897 3687 1945 3745 3,
1973 3685 2053 3738 17.
2091 3680 2284 3737 Aehnl.
2308 3694 2650 3736 commmere¹

1531 3752 1677 3806 diem
1712 3754 1795 3812 32,
1834 3754 1916 3812 35,
1954 3754 2002 3804 3.
2072 3748 2387 3804 eoetrahere
2432 3751 2519 3810 10,
2557 3749 2645 3811 29,

1530 3821 1579 3871 8.
1615 3817 1914 3873 absumere
1960 3820 2051 3878 22,
2089 3820 2174 3883 22,
2217 3821 2296 3870 16.
2341 3814 2507 3870 Diem
2541 3829 2647 3870 ex·

1531 3888 1708 3941 imere
1734 3884 2056 3945 (absumere
2074 3887 2160 3948 45,
2186 3887 2269 3945 37,
2306 3886 2355 3946 6,
2393 3881 2502 3948 vgt.
2526 3897 2647 3938 rem

1531 3953 1771 4009 dicendo
1814 3952 2128 4007 extrahere
2171 3954 2264 4014 45,
2308 3954 2401 4015 36,
2446 3952 2502 4016 3)
2562 3951 2647 4005 di-

1532 4021 1712 4076 cendo
1766 4020 1839 4074 ist
1891 4017 2178 4075 Terminus
2237 4018 2434 4081 techa„
2480 4033 2646 4073 wenn

1533 4087 1750 4143 Redner
1795 4086 1884 4142 die
1931 4086 2389 4153 Verbandlungen
2436 4086 2509 4139 im
2546 4083 2647 4139 Se-

1533 4163 1659 4210 nate
1694 4155 1751 4209 in
1789 4154 1876 4209 die
1911 4153 2095 4221 Lange
2130 4154 2340 4211 ziehen‚
2376 4167 2468 4207 um
2494 4168 2551 4207 es
2578 4167 2648 4207 zu

1535 4222 1763 4342 keinetgq3
1783 4220 2110 4341 Beisclilusse
2147 4220 2400 4278 kommen
2437 4235 2505 4274 zu
2539 4217 2650 4274 las-

1535 4305 1658 4353 sen;
1765 4332 1779 4354 ,
1814 4294 1847 4342 ὅ
1885 4332 1899 4354 ,
1934 4294 1985 4342 4.

1904 1647 1956 1705 is
2007 1646 2145 1706 finis
2199 1647 2453 1706 orationi
2496 1645 2635 1714 suit;
2674 1657 2708 1707 8

1800 2085 1875 2128 ne
1918 2066 1980 2128 id
2030 2067 2268 2145 quidem
2313 2065 2387 2126 ab
2433 2066 2641 2127 Turno
2677 2078 2709 2126 9

2731 605 2773 624 -ς
