3019 4878
383 250 507 315 140
1139 252 1365 305 LIBER
1398 253 1443 304 I.
1515 251 1673 304 CAP-
1707 254 1791 305 50.
1825 254 1911 306 51.
2347 278 2388 308 a.
2418 278 2460 308 u.
2485 267 2724 309 280-244,

380 404 584 467 tulisse
626 406 870 467 tacitum
916 404 1146 474 ierunt3
1211 405 1433 466 dixisse
1477 406 1637 466 enim
1683 403 1909 466 nuliam
1951 403 2286 466 breviorem
2336 421 2464 465 esse
2509 405 2717 482 cogni-

379 492 604 558 tionem
634 507 811 569 quam
840 490 1002 551 inter
1031 498 1261 568 patrem
1293 496 1350 549 et
1380 488 1585 557 fliium,
1632 491 1959 569 paucisque
1987 490 2234 567 transigi
2265 489 2465 550 verbis
2493 506 2667 569 posse
2692 506 2720 547 τ

281 577 354 634 51
380 574 440 634 ni
494 582 701 654 pareat
752 576 937 653 patri.
988 573 1347 656 ‘habiturum
1404 574 1797 635 infortunium
1855 592 2007 635 esse.
2122 573 2283 634 Haec
2326 574 2597 635 Aricinus
2641 576 2711 634 in

380 675 583 736 regem
628 657 958 720 Romanum
1002 659 1320 739 increpans
1376 678 1447 720 ex
1503 656 1760 720 concilio
1805 657 1970 719 abiit.
2057 674 2234 738 quam
2279 674 2409 718 rem
2454 658 2721 737 Tarqui-

378 744 516 803 nius
573 740 874 819 aliquanto
938 760 1115 822 quam
1170 742 1484 805 videbatur
1551 745 1793 821 aegrius
1859 745 2063 804 serens
2127 741 2438 805 confestim
2505 743 2726 804 Turno·-

382 844 590 889 necem
635 827 1031 897 machinatur,
1079 835 1145 888 ut
1186 826 1442 890 eundem
1491 835 1806 898 terrorem,
1851 846 1972 907 quo
2016 828 2229 888 civium
2276 828 2505 887 animos
2548 827 2716 888 domi

313 922 346 971 2
383 920 781 991 oppresserat,
830 912 1051 972 Latinis
1094 913 1364 972 iniceret.
1452 919 1538 971 ·et
1582 912 1716 991 quia
1761 930 1872 991 pro
1916 913 2175 991 imperio
2219 910 2410 991 palam
2455 912 2719 972 interfici

382 1013 503 1057 non
548 1003 810 1075 poterat,
873 995 1070 1057 oblato
1115 995 1261 1057 falso
1307 996 1557 1056 crimine
1601 997 1899 1057 insontem
1944 998 2261 1076 oppressit.
2349 1013 2458 1075 per
2501 995 2713 1057 adver-

382 1097 483 1142 sae
526 1081 802 1142 factionis
845 1081 1131 1159 quosdam
1178 1081 1446 1141 Aricinos
1489 1099 1728 1142 servum
1776 1080 1962 1142 Turni
2006 1099 2151 1142 auro
2195 1082 2496 1160 corrupit,
2542 1088 2607 1140 ut
2647 1082 2713 1140 in

315 1177 347 1225 3
382 1164 789 1225 deversorium
838 1166 966 1225 eius
1013 1167 1127 1225 vim
1174 1182 1448 1243 magnam
1493 1164 1825 1240 gladiorum
1871 1165 2086 1227 inferri
2131 1163 2282 1225 ciam
2326 1167 2573 1246 sineret.
2643 1183 2716 1225 ea

385 1267 522 1309 cum
568 1267 685 1310 una
731 1256 905 1310 nocte
951 1249 1217 1329 perfecta
1254 1258 1470 1319 essent,
1518 1249 1876 1329 Tarquinius
1906 1249 2083 1329 paulo
2114 1257 2251 1311 ante
2283 1246 2479 1311 lucem
2510 1251 2720 1310 accitis

386 1331 457 1392 ad
517 1351 583 1393 se
637 1333 1013 1413 principibus
1069 1332 1415 1395 Latinorum
1475 1337 1643 1414 quasi
1704 1352 1770 1394 re
1830 1352 1979 1395 nova
2034 1332 2439 1414 perturbatus,
2485 1351 2728 1395 moram.

386 1435 556 1479 suam
611 1417 992 1489 hesternam,
1059 1417 1219 1479 velut
1274 1418 1525 1480 deorum
1571 1417 1826 1498 quadam
1873 1419 2246 1497 providentia
2291 1417 2566 1488 inlatam,
2634 1421 2724 1480 ait

315 1513 350 1561 4
386 1499 560 1562 saluti
624 1501 737 1562 sibi
791 1510 970 1581 atque
1024 1501 1141 1563 illis
1192 1502 1397 1564 fuisse.
1500 1502 1576 1564 ab
1633 1502 1838 1563 Turno
1892 1504 2011 1565 dici
2067 1503 2184 1564 sibi
2240 1511 2302 1563 et
2356 1503 2724 1582 primoribus

387 1585 742 1666 populorum
794 1586 991 1665 parari
1049 1604 1288 1657 necem,
1356 1595 1426 1648 ut
1478 1586 1823 1648 Latinorum
1893 1586 2054 1647 solus
2110 1587 2435 1665 imperium
2499 1595 2721 1649 teneat.

386 1669 810 1748 adgressurum
867 1672 1051 1732 fuisse
1108 1670 1392 1732 hesterno
1449 1670 1546 1731 die
1602 1672 1660 1732 in
1718 1671 2002 1742 concilim
2070 1670 2309 1733 dilatam
2374 1689 2507 1733 rem
2566 1690 2728 1743 esse,

322 1754 547 1840 equod
605 1763 811 1817 auctor
865 1755 1105 1816 concilii
1162 1755 1411 1824 afuerit,
1467 1773 1648 1835 quem
1704 1755 1961 1817 maxime
2016 1764 2267 1836 peteret.
2364 1754 2506 1816 inde
2551 1755 2716 1822 illam

453 1958 504 2011 9.
548 1956 782 2011 tacitum
818 1954 934 2019 tul„
981 1970 1058 2010 sc.
1098 1954 1497 2022 Tarquinium.
1603 1954 1703 2009 der
1738 1954 2028 2023 SubJekte:
2080 1957 2330 2017 interfici
2362 1954 2624 2024 (Turnus)
2664 1973 2718 2012 u.

389 2020 646 2090 eigentl.:
673 2021 812 2078 auch
838 2022 955 2078 dies
981 2021 1123 2078 habe
1157 2038 1218 2078 er
1241 2022 1393 2078 nicht
1415 2022 1498 2078 als
1603 2026 1892 2090 oppressit
1948 2022 2358 2091 (Tarquinius).
2430 2022 2561 2079 weil
2622 2023 2726 2081 das

388 2097 562 2146 etwas
601 2088 1119 2158 Verschwiegenes.
1157 2090 1500 2146 unerwidert
1601 2091 1704 2146 mit
1759 2092 2010 2159 interfici
2063 2090 2416 2148 verbundene
2461 2108 2574 2159 pro
2617 2094 2723 2147 im-

386 2154 746 2213 Gebiiebenes
783 2157 1017 2223 (tacitus
1040 2157 1262 2226 passiv.)
1297 2157 1501 2213 davon—
1585 2159 1768 2225 ‘perio
1803 2159 1922 2214 sich
1961 2158 2113 2214 nicht
2150 2157 2247 2215 aui
2267 2158 2465 2214 dessen
2485 2157 2721 2227 subjekt

385 2231 648 2304 getragen
683 2246 751 2268 ε-
786 2224 926 2281 auch
963 2225 1078 2281 dies
1104 2224 1184 2280 sei
1207 2225 1322 2280 ihm
1348 2225 1500 2287 (Tar-
1604 2225 1885 2347 (Turnusss⁹
1909 2225 2153 2281 sondern
2178 2225 2275 2282 aui
2295 2226 2397 2281 Tar
2441 2262 2453 2277 .
2478 2225 2720 2283 bezieht.

384 2291 633 2360 quimus)
670 2291 826 2349 nicht
862 2294 1141 2361 ungeriigt
1186 2293 1317 2356 (von
1362 2291 1502 2348 Tur·
1604 2292 1722 2348 Man
1747 2291 1833 2348 sol
1861 2302 1915 2348 te
1936 2300 2212 2350 erwarten
2230 2295 2386 2351 inter
2457 2308 2557 2350 ere
2585 2295 2730 2351 oder

384 2359 512 2422 nus)
549 2358 952 2481 hingeqangen.
1002 2358 1219 2416 Ebenso
1256 2365 1303 2421 3,
1339 2363 1424 2422 45,
1449 2363 1497 2416 6.
1601 2361 1855 2441 interfici
1883 2360 2101 2417 iubere.
2145 2360 2202 2416 L.
2231 2362 2326 2417 hat
2345 2377 2455 2428 pro
2480 2363 2732 2429 imperio

386 2425 493 2483 Cic.
528 2425 595 2482 ad
642 2429 739 2484 Att
760 2442 807 2485 c.
851 2430 912 2495 2,
957 2430 1010 2483 3.
1083 2426 1252 2484 Sonst
1287 2430 1498 2485 tacitus
1604 2426 1880 2485 vielleicht
1916 2426 2276 2496 allgemeiner
2309 2427 2409 2485 aui*
2445 2428 2633 2487 eiasst.
2657 2459 2721 2470 —

386 2494 605 2562 aliquid
643 2494 777 2563 fero
821 2494 984 2551 aktiv.
1038 2496 1229 2562 ‘ruhig
1264 2496 1496 2551 hinneh·
1601 2496 1801 2558 oblato,
1838 2495 2064 2563 eigentl.
2101 2495 2343 2553 ireiwilli
2446 2496 2715 2565 arbieten‚

383 2568 529 2617 men’
569 2564 654 2626 35,
694 2564 774 2625 19,
815 2565 862 2620 1.
934 2565 1106 2617 tacite
1136 2561 1307 2629 ferre
1342 2569 1392 2625 5,
1416 2566 1500 2625 28,
1577 2570 1698 2618 ·ent
1740 2579 1770 2619 e
1812 2563 2113 2631 enbringen
2148 2586 2217 2607 ε-
2253 2580 2347 2620 ver
2372 2564 2728 2621 eumderisch·

387 2633 435 2683 1.
460 2656 527 2667 —
560 2629 803 2691 dixisse,
829 2644 905 2686 se.
929 2629 1205 2686 Turnum.
1241 2627 1495 2696 Subjekt-
1604 2646 1706 2686 vor
1745 2646 1772 2684 r
1833 2646 1957 2698 gen,
1993 2632 2104 2686 wie
2140 2635 2189 2695 6,
2230 2634 2309 2694 16,
2351 2637 2395 2688 1.
2470 2631 2577 2687 Cic.
2616 2648 2722 2689 am.

385 2695 645 2759 wechsel,
684 2714 726 2753 s.
750 2712 794 2752 c.
832 2700 883 2758 4,
921 2701 967 2754 3.
1005 2725 1073 2735 -
1108 2698 1499 2764 manitionem,
1606 2699 1688 2762 18,
1715 2702 1781 2751 65
1817 2704 1879 2754 ut
1902 2699 2237 2755 criminibus
2273 2699 2472 2755 credat
2499 2699 2722 2756 oblatis.

387 2779 430 2818 c.
471 2767 555 2827 49,
591 2767 641 2819 4.
677 2791 745 2801 -
780 2764 951 2820 habit.
974 2766 1048 2820 in
1081 2766 1388 2824 ortunium.
1425 2780 1502 2821 sc.
1603 2792 1672 2804 —-
1705 2767 1960 2829 crimine,
1997 2785 2043 2822 s.
2082 2783 2149 2823 zu
2187 2782 2232 2823 c.
2266 2770 2350 2832 47,
2387 2771 2435 2821 7.
2493 2796 2562 2805 -
2620 2768 2723 2822 ad·

380 2829 585 2966 'ima
629 2836 727 2950 ’ἕί
749 2830 868 2966 ⁸2}ss
894 2831 1029 2956 “hir
1066 2830 1500 2956 33335353531:
1607 2848 1810 2956 33³3
1828 2832 2484 2968 misississnffltai?
2494 2834 2719 2958 ἓξὲξ-3·

386 2973 511 3022 tern
558 2982 611 3021 u.
649 2963 935 3035 spateren.
1016 2966 1135 3034 Vgl.
1172 2967 1381 3023 malum
1424 2983 1501 3020 sc.
1604 2985 1678 3023 ru
1719 2970 1762 3023 it
1798 2973 1860 3023 ut
1894 2966 2144 3032 sineret,
2205 2968 2304 3025 auf
2344 2985 2724 3037 corrumpere

310 3036 317 3043 '
386 3035 464 3090 sit
499 3033 633 3089 oder
668 3034 886 3089 minari
927 3038 985 3096 4,
1021 3038 1104 3092 49.
1144 3037 1206 3086 11
1245 3034 1301 3090 ff.
1365 3049 1502 3101 poe·
1609 3035 1665 3092 i'o
1691 3041 1752 3103 gt
1808 3035 1961 3091 nicht
2012 3035 2109 3092 der
2159 3034 2346 3092 blosse
2384 3034 2539 3104 Conj.
2592 3038 2724 3104 (wie

390 3117 522 3156 nam
555 3100 767 3158 habere
805 3106 890 3165 45,
927 3107 1010 3165 37,
1047 3105 1095 3158 5.
1606 3103 1697 3159 die
1732 3101 1854 3159 Hss.
1889 3103 2011 3159 hier
2047 3101 2279 3171 bieten),
2342 3104 2587 3160 sondern
2641 3110 2721 3166 ut.

442 3167 552 3222 51.
613 3173 658 3225 1.
703 3168 1046 3237 Increpat-e,
1082 3168 1185 3224 mit
1217 3171 1278 3224 in
1335 3167 1503 3235 (ahnl.
1607 3187 1662 3225 u.
1697 3170 2159 3228 wahrscheinlich
2205 3171 2279 3227 ist
2321 3170 2463 3226 auch
2500 3171 2623 3227 hier
2658 3178 2728 3228 ut

388 3239 475 3302 27,
505 3241 553 3299 1,
577 3236 641 3302 9)·
671 3235 882 3301 selten3
921 3246 1081 3292 sonst
1113 3238 1309 3293 Accus-
1381 3236 1501 3304 Vgl.
1608 3238 1745 3293 nach
1766 3235 2109 3306 derEndung
2124 3240 2170 3294 it
2191 3237 2552 3307 ausgefallem
2579 3239 2723 3295 doeh

386 3304 669 3360 detestari
700 3305 763 3358 in
797 3310 972 3371 caput
1006 3304 1254 3360 alicuius
1298 3307 1384 3367 39,
1423 3308 1502 3368 10,
1608 3304 1752 3359 wird
1812 3302 2113 3373 allerdings
2184 3322 2232 3360 z.
2280 3307 2337 3362 B.
2393 3306 2534 3362 auch
2578 3308 2719 3362 nach

387 3375 419 3422 2
458 3370 642 3437 (sonst
676 3369 850 3438 Ace),
888 3373 1200 3427 exsecrari
1230 3374 1293 3427 in
1312 3377 1502 3439 caput,
1601 3374 1933 3439 permittere
1979 3376 2070 3436 24,
2117 3376 2209 3438 14,
2255 3377 2287 3427 5
2323 3390 2376 3431 ιι.
2414 3377 2492 3438 5.,
2565 3380 2722 3430 ostu-

387 3441 470 3503 39,
509 3441 589 3500 51,
629 3442 708 3494 12.
1608 3440 1735 3496 lare
1770 3446 1818 3505 3,
1855 3442 1940 3503 45,
1980 3443 2062 3506 10,
2101 3458 2153 3497 u.
2179 3457 2226 3498 a.
2264 3447 2328 3496 ut
2348 3455 2520 3508 ausge
2543 3454 2726 3499 assem

456 3508 505 3558 2.
560 3521 670 3572 pro
721 3507 986 3572 imperio,
1046 3521 1122 3560 sc.
1184 3505 1501 3574 Tarquinii,
1676 3512 1722 3560 3.
1800 3509 2037 3574 rinc-ip„
2083 3508 2172 3564 die
2208 3508 2329 3564 dem
2367 3508 2423 3566 Τ.
2461 3508 2724 3576 zugetha-

389 3572 559 3653 ‘kraft
595 3572 779 3628 seiner
812 3572 1216 3640 Amtsgewalt’‚
1254 3589 1319 3629 so
1357 3574 1504 3629 oster
1609 3589 1717 3630 nen
1754 3525 1931 3631 {dien
1983 3578 2052 3637 (c.
2090 3578 2181 3639 52,
2217 3577 2252 3627 4
2286 3578 2478 3643 capita
2512 3619 2526 3639 ,
2565 3575 2721 3631 nieht

387 3640 477 3696 hei
517 3639 598 3705 Ι...
636 3656 679 3696 z.
716 3640 773 3702 B,
811 3644 861 3703 8,
899 3643 951 3705 5,
987 3644 1047 3703 ὃς
1096 3657 1204 3707 pro
1237 3642 1367 3697 iure
1401 3644 1503 3696 im·
1608 3642 1706 3698 das
1744 3658 1915 3710 ganze
1953 3642 2254 3699 Concilium
2300 3644 2401 3699 der
2435 3645 2479 3698 A
2519 3644 2721 3711 geord-

384 3709 542 3775 perii
573 3712 666 3771 30,
704 3711 787 3773 24,
822 3711 873 3764 3.
928 3723 1037 3775 pro
1072 3710 1418 3776 maqistratu
1453 3711 1502 3771 8,
1609 3718 1791 3766 neten.
1829 3739 1896 3749 —
1931 3710 2185 3775 inlatam,
2223 3710 2653 3780 herheigesiihrt.

375 3779 472 3847 36,
511 3780 559 3829 1.
590 3791 704 3843 pro
737 3781 1019 3843 potestate
1053 3779 1100 3838 4,
1127 3779 1210 3840 26,
1234 3779 1285 3829 8.
1324 3776 1502 3832 Wenn
1674 3781 1723 3831 4.
1775 3778 1845 3833 ab
1899 3778 2097 3835 Turno
2133 3818 2146 3831 .
2190 3817 2203 3830 .
2250 3781 2477 3847 parari.
2523 3777 2723 3834 Stelle:

390 3859 451 3899 er
475 3844 632 3907 auch,
660 3844 769 3899 wie
789 3860 848 3899 es
870 3843 1503 3906 seheint‚Vorsitzender
1608 3844 1739 3907 dici,
1777 3846 1847 3901 ab
1888 3846 1948 3903 T.
1982 3849 2208 3916 parari.
2230 3880 2298 3890 -
2333 3847 2494 3916 adqr.
2515 3845 2728 3915 fuisse,

389 3910 441 3966 d.
461 3909 1045 3967 Bundesversammlun
1106 3927 1244 3976 war,
1265 3927 1330 3968 so
1351 3912 1505 3967 hatte
1609 3927 1685 3966 sc.
1710 3911 1995 3977 Turnum
2034 3919 2268 3982 erganze
2302 3930 2401 3971 aus
2427 3913 2549 3971 dem
2569 3913 2665 3969 Ful
2710 3955 2724 3971 .

388 3994 451 4033 er
497 3977 638 4032 doch
687 3976 845 4033 keine
891 3978 1108 4035 Gewat
1151 3978 1290 4033 fiber
1322 3977 1504 4034 Leben
1610 3996 1751 4036 rem.
1774 3984 1858 4044 42,
1886 3985 1968 4047 16,
1982 3984 2030 4037 5.
2061 4007 2134 4034 .-
2176 3987 2408 4049 peteret.
2449 3981 2542 4037 Die
2576 3979 2654 4037 Re
2694 3998 2724 4037 e

387 4045 501 4101 und
521 4042 651 4105 Tod,
689 4044 797 4101 wie
832 4045 890 4100 in
927 4046 1062 4102 Rom
1100 4045 1180 4102 als
1220 4045 1398 4111 Konig·
1434 4047 1503 4112 (c.
1609 4047 1705 4103 hat
1765 4056 1926 4105 sonst
1982 4047 2292 4112 Prasentia.
2359 4048 2575 4105 welche
2635 4049 2726 4105 die

387 4116 479 4192 26..
505 4111 582 4179 5).
630 4110 846 4167 Turnus
886 4111 1023 4168 wird
1060 4128 1169 4169 von
1206 4113 1327 4169 dem
1366 4112 1508 4169 Con·
1610 4114 1784 4171 Sache
1829 4114 2104 4172 lebhafter
2150 4112 2474 4179 darstellen,
2534 4118 2593 4172 in
2638 4117 2724 4172 die

388 4179 578 4236 cilium
615 4176 1006 4245 abgeurtheilt,
1043 4178 1097 4248 S.
1133 4185 1182 4234 8.
1219 4209 1284 4219 -
1324 4183 1504 4237 inter·
1611 4182 1942 4249 Gegenwart
1988 4183 2221 4248 ruckem
2281 4184 2404 4239 hier
2438 4184 2590 4240 steht
2626 4185 2721 4240 das

387 4248 498 4311 fici,
533 4245 721 4326 ubers.
757 4246 875 4326 ‘iun
913 4247 1105 4303 todten
1141 4247 1366 4305 lassen’.
1418 4247 1506 4303 Ei·
1610 4249 1685 4304 Im
1729 4248 1900 4316 s.‚um
1925 4249 2113 4307 diesen
2137 4251 2415 4314 Umstand,
2441 4251 2521 4307 als
2549 4261 2722 4309 etwas

438 4312 770 4370 enthumhch
827 4323 901 4370 ist
946 4315 1068 4369 hier
1113 4314 1211 4371 der
1247 4315 1484 4371 Wechse
1609 4315 1687 4372 Ne
1728 4318 2133 4381 ensachliches,
2195 4319 2445 4387 weniger
2502 4320 2558 4375 in
2618 4318 2725 4375 den
