3019 4878
309 1215 342 1265 5
378 1209 743 1262 eumenium.

375 287 497 352 142
1179 285 1408 338 LIBER
1439 286 1486 337 1.
1520 294 1525 301 '
1559 282 1716 337 CAP.
1755 287 1837 342 52.

2348 308 2389 338 a.
2415 311 2456 340 u.
2482 298 2711 340 sse-244.

370 460 471 503 res
527 441 724 502 omnis
775 438 1000 503 Albana
1056 458 1189 500 cum
1248 438 1494 500 coloniis
1551 439 1672 499 suis
1726 439 1786 499 in
1833 439 2162 500 Romanum
2225 439 2471 500 cesserit
2513 439 2712 516 impe·

304 542 338 591 3
372 527 562 597 rium;
617 534 884 586 ceterum
929 543 1007 601 ‚se
1050 525 1322 586 utilitatis
1363 524 1424 585 id
1472 526 1657 603 magis
1723 523 1986 584 omnium
2054 541 2227 584 causa
2301 539 2572 592 censere,
2641 531 2718 582 ut

375 618 696 672 renovetur
751 609 810 669 id
864 609 1108 678 foedus,
1178 608 1560 687 secundaque
1624 610 1822 687 potius
1879 607 2115 668 fortuna
2181 607 2387 688 populi
2453 607 2711 668 Romani

373 706 440 755 ut
483 695 810 773 participes
855 694 1048 754 Latini
1092 693 1396 763 fruantur,
1444 711 1621 772 quam
1668 691 1907 752 urbium
1954 692 2183 752 excidia
2232 692 2719 770 vastationesque

376 795 676 857 agrorum,
723 796 871 858 quas
912 780 1075 839 Anco
1123 780 1308 856 prius,
1358 786 1525 854 patre
1556 776 1773 837 deinde
1803 794 1912 837 suo
1943 784 2233 853 regnante
2264 778 2532 856 perpessi
2564 779 2713 851 sint,

305 876 341 927 4
373 880 615 942 semper
671 872 771 924 aut
825 870 1144 941 expectent
1196 870 1297 922 aut
1356 866 1673 941 patiantur.

1775 860 1931 922 haud
1990 860 2306 922 difficulter
2350 878 2713 942 persuasum

375 947 621 1016 LatiniS,
670 964 1024 1027 quamquam
1070 947 1130 1006 in
1177 966 1249 1007 eo
1293 946 1536 1007 foedere
1570 947 1860 1025 superior
1903 945 2167 1006 Romana
2212 963 2310 1006 res
2355 955 2501 1013 erat,
2549 953 2713 1005 cete-

376 1050 511 1093 rum
557 1041 619 1092 et
662 1033 853 1111 capita
901 1033 1158 1091 nominis
1203 1031 1396 1091 Latini
1451 1039 1613 1099 stare
1659 1051 1727 1093 ac
1772 1031 1992 1090 sentire
2038 1048 2172 1090 cum
2219 1047 2361 1107 rege
2405 1028 2713 1099 videbant,

377 1125 436 1177 et
479 1116 714 1176 Turnus
759 1117 851 1176 sui
896 1116 1109 1194 cuique
1156 1114 1428 1194 periculi,
1476 1118 1527 1177 si
1571 1115 1920 1178 adversatus
1965 1124 2140 1185 esset,
2187 1132 2400 1176 recens
2443 1121 2570 1174 erat
2602 1113 2714 1175 do-

834 1203 915 1261 ita
975 1207 1319 1260 renovatum
1375 1200 1587 1260 foedus
1629 1201 2039 1278 indictumque
2084 1199 2423 1260 iunioribus
2471 1198 2710 1259 Latino-

375 1303 529 1353 rum,
577 1292 639 1344 ut
682 1302 752 1344 ex
785 1284 1027 1345 foedere
1074 1284 1168 1344 die
1199 1292 1361 1345 certa
1394 1284 1466 1345 ad
1497 1283 1699 1346 lucum
1733 1286 2088 1346 Ferentinae
2116 1285 2331 1344 armati
2361 1285 2715 1360 trequentes

308 1387 340 1436 6
380 1368 674 1430 adessent.

774 1371 877 1448 qui
931 1367 1036 1430 ubi
1092 1368 1164 1428 ad
1222 1369 1480 1430 edictum
1526 1369 1777 1431 Romani
1831 1369 1990 1446 regis
2035 1386 2106 1429 ex
2153 1368 2430 1429 omnihus
2474 1366 2717 1447 populis

378 1470 744 1523 convenere,
805 1472 879 1514 ne
934 1453 1146 1514 duce-m
1203 1471 1377 1514 suum
1434 1471 1584 1514 neve
1640 1464 1939 1516 secretum
2005 1453 2321 1532 imperium
2388 1452 2709 1531 propriave

377 1539 543 1615 signa
601 1537 918 1606 haberent,
977 1539 1213 1598 miscuit
1268 1536 1605 1616 manipulos
1661 1557 1731 1599 ex
1790 1539 2010 1599 Latinis
2053 1539 2477 1616 Romanisque,
2523 1545 2589 1597 ut
2634 1553 2709 1596 ex

378 1621 537 1682 binis
582 1621 845 1701 singulos
891 1621 1115 1682 faceret
1159 1621 1453 1702 binosque
1496 1641 1570 1683 ex
1600 1625 1875 1702 singulis3
1922 1623 2001 1683 ita
2033 1624 2349 1700 geminatis
2379 1620 2708 1701 manipulis

379 1708 759 1767 centuriones
805 1708 1088 1787 inposuit.

406 1924 487 1983 in]
525 1938 589 1977 eo
624 1921 777 1993 foed.
801 1929 929 1986 ten„
965 1925 1152 1980 teneri
1183 1925 1245 1978 in
1304 1967 1340 1988 .,
1378 1924 1488 1979 wie

414 1990 465 2045 ie
506 1988 624 2046 uss.
675 1989 885 2053 bieten‚
934 1989 1143 2047 kommt
1179 1993 1267 2046 nic
1310 1999 1332 2046 t
1366 2007 1484 2054 vor,

378 2057 618 2113 sondern
659 2057 854 2112 immet·
889 2061 1077 2114 teneri
1088 2057 1349 2127 foedere.
1386 2058 1487 2115 Das

377 2124 648 2180 Biindniss
686 2141 731 2179 c.
769 2128 860 2188 24,
921 2125 1030 2193 vgl.
1067 2143 1112 2182 c.
1150 2130 1243 2190 32,
1281 2132 1340 2191 3,
1395 2142 1489 2181 wo

382 2192 645 2271 fih‘rigens
693 2209 798 2248 von
836 2191 1184 2250 albanischen
1223 2193 1489 2250 Colonien

380 2258 538 2381 4,ιὶ2ιῆ2
574 2258 720 2316 Rede
755 2261 844 2317 ist.
901 2289 972 2298 —
1026 2261 1096 2316 ab
1137 2260 1326 2327 Tullo,
1385 2260 1493 2317 seit

425 2343 458 2382 u
507 2343 595 2382 us.

448 2398 496 2451 3.
543 2399 821 2455 ceterum,
872 2395 1176 2464 Gegensatz
1223 2412 1291 2451 zu
1321 2411 1495 2464 posse

380 2459 607 2529 quidem
645 2501 658 2513 .
699 2501 712 2517 .
750 2478 940 2530 affere.
1020 2455 1197 2520 Ueber
1243 2465 1332 2520 die
1369 2464 1494 2520 Bed.

383 2545 488 2585 von
544 2535 797 2586 ceterum
849 2549 895 2585 s.
943 2531 1118 2588 Praei.
1165 2535 1244 2588 11.
1304 2560 1371 2570 -
1435 2533 1499 2587 id

384 2596 527 2651 wird
564 2598 954 2670 epexegetisch
993 2598 1207 2654 erklart
1239 2598 1413 2654 durch
1435 2605 1499 2656 ut

383 2706 396 2721 .
434 2703 447 2715 .
485 2670 820 2728 renovetur,
864 2665 975 2731 vgt.
1014 2671 1075 2728 2,
1112 2670 1194 2729 55,
1231 2671 1280 2723 3.
1322 2672 1373 2731 3,
1411 2671 1494 2732 52,

385 2735 466 2786 11.
513 2735 574 2794 6,
620 2734 713 2792 39,
761 2735 826 2785 10
873 2749 923 2787 ιι.
964 2735 1013 2788 ὃ.
1086 2740 1149 2789 ut
1183 2733 1281 2788 mit
1318 2735 1495 2790 einem

382 2798 637 2867 passiven
664 2798 818 2867 Conj.
858 2799 996 2855 nach
1020 2816 1257 2857 censere
1282 2802 1498 2858 scheint

385 2866 503 2921 sich
541 2882 649 2921 nur
693 2868 838 2921 noch
875 2872 957 2928 37,
997 2873 1083 2934 47,
1121 2873 1152 2920 2
1189 2885 1258 2924 zu
1295 2867 1494 2932 finden,

382 2933 482 2988 mit
529 2933 652 2989 dem
700 2933 853 3002 Conj.
900 2937 1047 2992 eines
1095 2936 1284 2992 Aktivs
1333 2935 1494 2993 oster.

383 3028 451 3039 —-
492 3003 676 3068 maqis
709 3002 967 3057 verbinde
1003 3004 1104 3058 mit
1129 3019 1401 3060 censere.-
1437 3020 1498 3061 er

383 3068 464 3124 sei
511 3070 671 3125 mehr
715 3070 815 3124 der
860 3070 1103 3127 Ansicht.
1141 3099 1205 3109 —
1252 3075 1498 3128 omnium

383 3136 456 3191 ist
514 3145 687 3192 etwas
746 3135 1064 3203 aursaltiger
1122 3156 1229 3195 von
1289 3140 1496 3195 seinem

387 3202 522 3260 Gen.
556 3212 841 3270 getrennt3
902 3205 1009 3272 vgl.
1060 3225 1103 3265 z.
1140 3208 1195 3262 Β.
1237 3223 1283 3264 c.
1318 3211 1411 3272 59,
1447 3212 1497 3263 4.

384 3274 436 3335 2,
472 3274 522 3333 4,
561 3275 608 3327 2,
644 3276 726 3333 32,
766 3275 847 3332 10,
884 3276 916 3326 5
953 3289 1007 3329 ιι.
1043 3277 1091 3331 ὂ.
1127 3303 1195 3313 -
1268 3277 1419 3331 otius
1445 3319 1457 3331 .
1484 3314 1497 3326 .

384 3355 569 3404 quam,
607 3337 745 3394 tiber
771 3342 970 3407 potius
1011 3359 1055 3397 s.
1097 3358 1163 3397 zu
1246 3341 1374 3398 raet.
1414 3348 1494 3397 13.

383 3431 452 3441 —
486 3414 804 3472 expectent,
843 3425 911 3463 zu
951 3408 1276 3465 best‘irchten
1304 3408 1498 3466 haben.

453 3476 503 3527 4.
539 3476 810 3540 superior
843 3481 989 3541 erat,
1029 3477 1116 3530 die
1149 3476 1496 3533 Latinischen

388 3538 612 3619 Staaten
673 3556 859 3598 waren
930 3543 987 3598 in
1045 3543 1251 3601 diesem
1312 3544 1499 3600 Bunde

386 3606 540 3663 nicht
599 3607 780 3676 gleich
845 3609 1153 3678 berechtigt
1221 3612 1321 3669 mit
1390 3611 1495 3667 den

385 3672 649 3739 homeru,
722 3676 963 3733 sondern
1033 3679 1263 3735 standen
1335 3687 1500 3735 unter

386 3740 553 3798 Roms
592 3742 1112 3802 Oherherrlichkeit.
1167 3776 1230 3785 —
1290 3749 1497 3813 capita,

383 3825 536 3931 {213¹
565 3813 1008 3935 ἙᾌΫιῗῖἴῶἔῆἅ·
1046 3817 1303 3937 ⁵2¹’1}⁹'’{;‘
1325 3822 1498 3934 {1⁰3²

384 3946 468 4008 25,
506 3948 584 4006 16,
627 3949 658 3998 5
698 3964 748 4000 ιι.
786 3952 859 4012 6.,
898 3948 1057 4014 (auch
1084 3966 1210 4016 pro,
1238 3925 1287 4006 z:
1312 3952 1360 4008 B.
1383 3924 1495 4018 {vro

384 4024 448 4066 re
486 4026 519 4066 e
551 4015 636 4075 45,
674 4017 755 4075 22,
795 4020 874 4071 10.
909 4020 956 4078 2,
998 4021 1077 4079 12,
1118 4021 1180 4069 14
1215 4020 1361 4082 ιι.ὄ.,
1402 4018 1497 4073 da·

352 4094 453 4134 ·ne
495 4095 563 4134 eu
601 4081 778 4143 unde.
824 4084 1057 4140 aliunde
1092 4091 1251 4141 stare
1288 4090 1373 4146 21,
1410 4091 1491 4149 10,

383 4150 435 4199 9.
472 4151 557 4211 24,
594 4152 678 4211 45,
714 4146 812 4215 3),‚
839 4167 903 4206 so
939 4152 1077 4206 auch
1114 4151 1294 4220 Nepos
1331 4155 1495 4219 Ages.

382 4217 435 4280 5,
469 4218 518 4270 4.
557 4216 688 4278 (Cic.
712 4223 883 4284 «stare
921 4219 991 4273 ab
1027 4219 1199 4287 aliq.).
1225 4249 1286 4259 —
1324 4221 1495 4276 docu-

382 4289 644 4361 mentum,
666 4286 1006 4348 warnendes,
1028 4287 1496 4344 ahschreckendes

382 4349 637 4419 Beispiel.
708 4354 1102 4410 documentum
1147 4371 1278 4413 esse
1322 4360 1378 4421 9,
1412 4360 1497 4419 46,

1594 1928 1644 1982 s.
1713 1928 1805 1986 21,
1846 1928 1933 1986 19,
1975 1928 2052 1978 ιο.
2121 1928 2213 1985 45,
2249 1927 2343 1989 4ο,
2382 1927 2439 1987 6;
2491 1926 2588 1989 44,
2630 1929 2715 1976 ι3.

1596 1992 1766 2048 Sonst
1823 1992 1898 2047 ist
1945 1991 2043 2046 der
2142 1990 2434 2048 radicative
2492 1989 2709 2046 Nomin.

1595 2066 1731 2115 statt
1781 2058 1877 2114 des
1924 2057 2038 2114 nat.
2124 2074 2182 2115 es
2219 2057 2444 2114 Zwecks
2482 2058 2558 2113 im
2594 2058 2712 2113 Lat.

1596 2125 1791 2189 selten,
1840 2126 1930 2182 bei
1971 2125 2083 2181 Liv.
2124 2126 2275 2181 nicht
2322 2124 2712 2193 ungewohnl.;

1596 2192 1657 2250 oi
1660 2202 1744 2248 ter
1765 2195 2097 2249 documento
2117 2208 2261 2250 esse.
2283 2192 2722 2249 Monumentum.

1596 2275 1753 2325 esse,
1790 2279 1835 2316 z.
1871 2262 1927 2317 B.
1968 2278 2015 2316 c.
2056 2266 2145 2324 12,
2183 2264 2231 2324 6,
2285 2261 2488 2317 ebenso
2525 2258 2713 2328 haufig

1599 2330 1709 2384 wie
1743 2335 2098 2393 monumento
2133 2343 2287 2386 essm
2335 2345 2400 2384 so
2435 2329 2578 2384 auch
2614 2345 2713 2382 ar-

1596 2402 1937 2465 yumentum,
1981 2397 2453 2467 impedimentum,
2490 2402 2714 2464 specta·

1599 2465 1789 2521 culum
1826 2480 1954 2521 esse
1989 2483 2045 2522 u.
2085 2482 2131 2523 a.

1668 2538 1718 2585 5.
1758 2533 2098 2599 iunioribus,
2136 2550 2181 2588 s.
2216 2548 2264 2586 c.
2299 2535 2385 2584 43.
2465 2529 2714 2587 Dieselbe

1601 2598 1958 2668 Eintheiluug
1994 2601 2091 2657 der
2114 2601 2326 2666 Burger
2362 2598 2504 2653 wird
2533 2599 2588 2654 in
2612 2597 2711 2653 La-

1602 2668 1740 2724 tium
1776 2675 2206 2735 vorausgesetzt.
2242 2692 2310 2705 -—-
2344 2681 2424 2723 ex
2455 2666 2712 2735 foedere,

1602 2753 1647 2790 s.
1686 2751 1730 2789 c.
1767 2737 1857 2798 26,
1910 2739 1955 2791 1.
2012 2770 2081 2779 —
2140 2751 2283 2791 arm.
2322 2773 2335 2785 .
2374 2776 2386 2789 .
2425 2734 2711 2797 adessent,

1601 2802 1690 2857 die
1725 2802 2001 2869 gewchnl.
2024 2802 2240 2860 Formel
2267 2802 2407 2857 heim
2433 2801 2713 2869 Autgebot

1602 2870 1700 2925 der
1737 2868 2111 2927 verbundeteu
2149 2869 2531 2937 contingente.

1668 2941 1717 2988 6.
1750 2938 1994 3005 populis,
2033 2954 2078 2995 c.
2114 2941 2195 2999 51,
2222 2941 2269 2988 4.
2312 2971 2377 2980 -
2411 2953 2559 2993 secr.
2584 2939 2715 3003 imp.

1601 3046 1615 3061 .
1643 3048 1656 3063 .
1680 3004 1973 3069 haberent,
1999 3005 2341 3061 besonderen
2363 3003 2710 3067 Oberbesehl,

1601 3073 2472 3209 321..³202f.5“e.3{23.÷115{.2a
2511 3074 2712 3193 33⁸2}

1762 3181 1777 3200 ο
1827 3159 1853 3197 S
1948 3160 1974 3197 S
2454 3181 2468 3202 ο
2581 3181 2594 3202 t
2696 3182 2710 3203 ο

1601 3214 1648 3263 3.
1740 3205 1958 3264 Anders
1997 3209 2148 3265 steht
2181 3223 2330 3264 secr.
2369 3209 2568 3275 imper.
2612 3209 2709 3270 44,

1601 3280 1696 3339 33,
1744 3282 1790 3332 ’1.
1861 3276 2190 3344 Tarquinius
2227 3274 2363 3331 lasst
2401 3275 2526 3330 dem
2560 3272 2710 3329 latin.

1600 3341 1773 3399 Heere
1818 3357 1918 3411 gar
1961 3342 2121 3399 keine
2157 3341 2620 3408 Sonderstellung
2652 3357 2709 3396 u.

1601 3408 2093 3477 Selbstandtgkeu:
2153 3408 2315 3465 keine
2352 3410 2583 3476 eigenen
2606 3411 2711 3463 An-

1600 3477 1795 3535 ffihrer
1838 3477 2086 3543 (ducem,
2133 3477 2410 3539 collectiv,
2461 3493 2504 3531 s.
2541 3484 2710 3532 unten

1600 3546 2027 3613 centuriones),
2099 3545 2294 3601 keinen
2366 3543 2712 3600 besonderen

1606 3612 1957 3678 Oberbei‘ehl,
1990 3614 2142 3669 nicht
2166 3613 2286 3667 ihre
2311 3611 2548 3675 Fahnen,
2584 3628 2713 3667 son·

1605 3680 1739 3736 dern
1766 3680 2062 3737 vermisoht
2098 3682 2219 3735 ihre
2244 3678 2453 3738 Hausen
2479 3679 2578 3736 mit
2605 3678 2710 3734 deu

1604 3748 1934 3804 romischen.
1971 3777 2033 3786 —
2090 3764 2170 3804 ex
2203 3748 2314 3805 bin.
2350 3750 2497 3813 sine.
2534 3785 2546 3797 .
2585 3789 2599 3804 .
2634 3762 2714 3803 ea:

1602 3817 1860 3881 sinyulia
1906 3816 2192 3871 wortlich:
2255 3833 2316 3871 er
2356 3815 2570 3870 machte
2613 3830 2709 3869 aus

1596 3883 1657 3950 je
1699 3888 1731 3935 2
1776 3883 2069 3951 Manipeltb
2106 3882 2249 3950 (will
2294 3897 2489 3949 sagen:
2550 3881 2710 3937 Halb-

1599 3951 1876 4018 manipeln
1948 3950 2084 4006 oder
2154 3950 2481 4012 Centurien)
2553 3948 2710 4004 einen

1601 4017 2051 4084 (vollstandigen)
2106 4017 2339 4086 Manipel
2376 4016 2487 4073 und
2523 4034 2620 4073 aus
2651 4018 2711 4084 je

1600 4084 1778 4141 eiuem
1813 4085 2044 4152 (vollen)
2079 4083 2389 4155 manipulus
2425 4089 2458 4136 2
2501 4084 2709 4153 (Halb)-

1600 4153 1870 4222 Manipeln
1917 4154 2077 4218 (oder
2123 4151 2457 4220 Centurien).
2549 4152 2708 4208 Deut-

1603 4220 1778 4276 licher
1835 4221 1977 4276 wird
2039 4238 2122 4284 es,
2193 4237 2360 4276 wenn
2427 4237 2553 4277 man
2623 4220 2708 4275 die

1604 4289 1802 4345 zweite
1840 4287 2021 4345 Halite
2065 4290 2227 4346 binos
2271 4304 2351 4345 ex
2383 4289 2544 4355 sine..
2581 4304 2707 4343 vor·

1605 4356 1785 4413 stelit:
1846 4373 1907 4412 er
1964 4358 2179 4414 machte
2238 4373 2336 4413 aus
2402 4357 2462 4423 je
2534 4356 2708 4413 eiuem
