3019 4878
1223 1138 1582 1206 Periocha
1623 1139 1804 1205 libri
1847 1138 1911 1204 I.

572 1447 873 1509 Adventus
929 1450 1162 1508 Aeneae
1229 1450 1292 1507 in
1348 1446 1574 1508 ltaliam
1642 1456 1702 1508 et
1760 1467 1859 1508 res
1913 1456 2134 1524 gestae.
2223 1451 2438 1509 Ascani
2495 1465 2751 1526 regnum

403 1531 585 1593 Albae
630 1542 691 1593 et
720 1533 861 1593 Silvi
907 1531 964 1592 e't
1008 1533 1289 1611 deinceps
1321 1531 1661 1592 Silviorum.
1750 1531 2078 1592 Numitoris
2121 1532 2238 1592 filia
2285 1551 2318 1592 a
2349 1533 2538 1593 Marte
2583 1551 2749 1593 com-

402 1634 625 1694 pressa,
675 1619 796 1676 nati
841 1617 1129 1678 Romulus
1174 1624 1233 1677 et
1277 1617 1516 1678 Remus
1604 1614 1872 1677 Amulius
1917 1616 2327 1677 obtruncatus.

573 1701 730 1764 Urbs
775 1720 808 1761 a
851 1701 1105 1762 Romulo
1151 1701 1409 1762 condita.
1502 1709 1744 1761 senatus
1787 1702 1996 1763 lectus.
2091 1720 2226 1761 cum
2274 1700 2517 1762 Sabinis
2561 1699 2751 1762 bella·-

402 1793 550 1845 tum.
638 1784 825 1865 spolia
884 1786 1075 1865 opima
1123 1787 1399 1846 Feretrio
1442 1785 1565 1845 Iovi
1619 1785 1751 1846 lata.
1841 1788 1903 1846 in
1950 1787 2149 1848 curias
2193 1785 2451 1866 populus
2496 1785 2746 1847 divisus,

402 1869 733 1938 Fidenates,
781 1873 1059 1931 Veientes
1104 1872 1260 1934 victi.
1348 1870 1638 1932 Romulus
1680 1879 2083 1933 consecratus,

571 1954 759 2015 Numa
805 1955 1134 2034 Pompilius
1193 1957 1347 2015 ritus
1409 1972 1718 2017 sacrorum
1775 1954 2042 2015 tradidit.
2117 1963 2286 2033 porta
2340 1950 2473 2015 Iani
2530 1955 2749 2015 clausa.

572 2038 781 2101 Tullus
823 2038 1108 2101 Hostilius
1153 2040 1411 2101 Albanos
1455 2038 1631 2112 bello·
1661 2039 1931 2119 diripuit.
2019 2040 2481 2116 trigeminorum
2524 2057 2748 2119 pugna.

404 2124 570 2185 Metti
617 2125 815 2186 Fufeti
861 2124 1239 2205 supplicium.
1330 2123 1532 2185 Tullus
1578 2122 1825 2184 fulmine
1871 2132 2277 2202 consumptus.

570 2210 769 2282 Ancus
811 2210 1071 2271 Marcius
1114 2209 1354 2269 Latinos
1400 2209 1639 2283 devicit,
1686 2209 1912 2270 Ostiam
1960 2209 2247 2270 condidit.
2322 2256 2325 2259 .

571 2293 932 2371 Tarquinius
975 2294 1218 2355 Priscus
1261 2293 1505 2354 Latinos
1561 2295 1887 2373 superavit,
1946 2295 2171 2353 circum
2231 2294 2404 2363 fecit,
2460 2292 2746 2355 finitimos

401 2377 634 2457 devicit,
680 2397 887 2439 muros
930 2388 990 2439 et
1028 2378 1266 2439 cloacas
1309 2379 1467 2443 fecit.

573 2464 782 2524 Servio
827 2464 1022 2525 Tullio
1068 2472 1245 2543 caput
1289 2467 1453 2524 arsit.
1547 2464 1792 2525 Servius
1835 2462 2067 2525 Tullius
2099 2463 2376 2524 Veientes
2422 2462 2643 2523 devicit
2686 2470 2748 2523 et

400 2547 688 2627 populum
735 2552 797 2609 in
845 2549 1064 2610 classes
1109 2549 1325 2618 divisit,
1373 2549 1581 2609 aedem
1629 2548 1847 2609 Dianae
1894 2548 2205 2608 dedicavit.

570 2632 927 2712 Tarquinius
988 2632 1294 2712 Superbus
1363 2634 1561 2693 occiso
1618 2632 1815 2694 Tullio
1880 2651 2132 2711 regnum
2195 2632 2426 2692 invasit.
2516 2629 2745 2692 Tulliae

399 2715 594 2778 scelus
660 2720 722 2777 in
791 2727 1039 2797 patrem
1128 2718 1370 2779 Turnus
1435 2716 1777 2779 Herdonius
1850 2734 1959 2794 per
2027 2716 2427 2793 Tarquinium
2493 2717 2744 2777 occisus.

400 2800 626 2862 bellum
682 2820 819 2876 cum
865 2801 1116 2863 VulsciS.
1207 2802 1418 2864 fraude
1475 2803 1612 2863 Sex.
1671 2802 1953 2881 Tarquini
2015 2801 2184 2862 Gabii
2244 2801 2480 2880 direpti.
2568 2799 2745 2880 Capi-

400 2884 607 2946 tolium
653 2887 1018 2948 inchoatum.
1095 2888 1361 2948 Termini
1409 2895 1467 2947 et
1495 2887 1774 2948 luventae
1806 2904 1942 2946 arae
1976 2886 2201 2947 moveri
2233 2903 2353 2945 non
2397 2892 2743 2962 potuerunt.

398 2961 673 3031 Lucretia
719 2990 782 3032 se
830 2971 1064 3033 occidit.
1142 2971 1400 3051 Superbi
1446 2971 1738 3090 expulsio.
1814 2979 2148 3050 regnatum
2177 2980 2266 3031 est
2312 2972 2485 3030 annis
2533 2967 2743 3030 CCLV.
