<?xml version="1.0" encoding="UTF-8"?>
<!DOCTYPE html PUBLIC "-//W3C//DTD XHTML 1.0 Transitional//EN"
    "http://www.w3.org/TR/xhtml1/DTD/xhtml1-transitional.dtd">
<html xmlns="http://www.w3.org/1999/xhtml" xml:lang="en" lang="en">
 <head>
  <title>
</title>
<meta http-equiv="Content-Type" content="text/html;charset=utf-8" />
  <meta name='ocr-system' content='tesseract 3.04.00' />
  <meta name='ocr-capabilities' content='ocr_page ocr_carea ocr_par ocr_line ocrx_word'/>
</head>
<body>
  <div class='ocr_page' id='page_1' title='image "./titiliviaburbec02wlgoog_0149.png"; bbox 0 0 3019 4878; ppageno 0'>
   <div class='ocr_carea' id='block_1_1' title="bbox 293 334 685 381">
    <p class='ocr_par' dir='ltr' id='par_1_1' title="bbox 293 334 685 381">
     <span class='ocr_line' id='line_1_1' title="bbox 293 334 685 381; baseline -0.013 0"><span class='ocrx_word' id='word_1_1' title='bbox 293 347 334 381; x_wconf 66' lang='grc' dir='ltr'><strong>ι.</strong></span> <span class='ocrx_word' id='word_1_2' title='bbox 362 334 438 378; x_wconf 77' lang='lat' dir='ltr'><strong>Ch.</strong></span> <span class='ocrx_word' id='word_1_3' title='bbox 462 335 685 378; x_wconf 75' lang='grc'><strong>594-510.</strong></span> 
     </span>
    </p>
   </div>
   <div class='ocr_carea' id='block_1_2' title="bbox 1079 321 2628 385">
    <p class='ocr_par' dir='ltr' id='par_1_2' title="bbox 1079 321 2628 385">
     <span class='ocr_line' id='line_1_2' title="bbox 1079 321 2628 385; baseline 0.008 -13"><span class='ocrx_word' id='word_1_4' title='bbox 1079 321 1306 372; x_wconf 77' lang='lat' dir='ltr'>LIBER</span> <span class='ocrx_word' id='word_1_5' title='bbox 1340 321 1386 376; x_wconf 91' lang='lat'><strong>1.</strong></span> <span class='ocrx_word' id='word_1_6' title='bbox 1458 321 1615 374; x_wconf 65' lang='lat' dir='ltr'><strong>cap.</strong></span> <span class='ocrx_word' id='word_1_7' title='bbox 1651 324 1735 374; x_wconf 74' lang='grc' dir='ltr'><strong>ω.</strong></span> <span class='ocrx_word' id='word_1_8' title='bbox 1771 323 1854 377; x_wconf 76' lang='lat'><strong>52.</strong></span> <span class='ocrx_word' id='word_1_9' title='bbox 2512 323 2628 385; x_wconf 87' lang='lat'><strong>141</strong></span> 
     </span>
    </p>
   </div>
   <div class='ocr_carea' id='block_1_3' title="bbox 291 473 2631 724">
    <p class='ocr_par' dir='ltr' id='par_1_3' title="bbox 291 473 2631 724">
     <span class='ocr_line' id='line_1_3' title="bbox 291 473 2629 555; baseline 0 -20"><span class='ocrx_word' id='word_1_10' title='bbox 291 473 564 536; x_wconf 86' lang='lat' dir='ltr'><strong>absentis</strong></span> <span class='ocrx_word' id='word_1_11' title='bbox 608 476 1064 536; x_wconf 87' lang='lat' dir='ltr'><strong>insectationem</strong></span> <span class='ocrx_word' id='word_1_12' title='bbox 1112 492 1241 534; x_wconf 88' lang='lat' dir='ltr'><strong>esse</strong></span> <span class='ocrx_word' id='word_1_13' title='bbox 1286 481 1501 544; x_wconf 81' lang='lat' dir='ltr'><strong>natam,</strong></span> <span class='ocrx_word' id='word_1_14' title='bbox 1550 474 1705 554; x_wconf 89' lang='lat' dir='ltr'><strong>quod</strong></span> <span class='ocrx_word' id='word_1_15' title='bbox 1751 474 2040 536; x_wconf 90' lang='lat' dir='ltr'><strong>morando</strong></span> <span class='ocrx_word' id='word_1_16' title='bbox 2069 493 2237 555; x_wconf 88' lang='lat' dir='ltr'><strong>spem</strong></span> <span class='ocrx_word' id='word_1_17' title='bbox 2268 474 2629 537; x_wconf 85' lang='lat' dir='ltr'><strong>destituerit.</strong></span> 
     </span>
     <span class='ocr_line' id='line_1_4' title="bbox 295 557 2628 639; baseline 0 -21"><span class='ocrx_word' id='word_1_18' title='bbox 295 576 417 619; x_wconf 92' lang='lat' dir='ltr'><strong>non</strong></span> <span class='ocrx_word' id='word_1_19' title='bbox 464 557 758 627; x_wconf 87' lang='lat' dir='ltr'><strong>dubitare.</strong></span> <span class='ocrx_word' id='word_1_20' title='bbox 807 560 859 619; x_wconf 90' lang='lat' dir='ltr'><strong>si</strong></span> <span class='ocrx_word' id='word_1_21' title='bbox 905 576 1042 618; x_wconf 86' lang='lat' dir='ltr'><strong>vera</strong></span> <span class='ocrx_word' id='word_1_22' title='bbox 1088 557 1454 627; x_wconf 81' lang='lat' dir='ltr'><strong>deserantur,</strong></span> <span class='ocrx_word' id='word_1_23' title='bbox 1501 561 1643 639; x_wconf 89' lang='lat' dir='ltr'><strong>quin</strong></span> <span class='ocrx_word' id='word_1_24' title='bbox 1689 559 1880 639; x_wconf 89' lang='lat' dir='ltr'><strong>prima</strong></span> <span class='ocrx_word' id='word_1_25' title='bbox 1925 558 2080 630; x_wconf 87' lang='lat' dir='ltr'><strong>luce,</strong></span> <span class='ocrx_word' id='word_1_26' title='bbox 2130 559 2230 620; x_wconf 91' lang='lat' dir='ltr'><strong>ubi</strong></span> <span class='ocrx_word' id='word_1_27' title='bbox 2276 568 2521 621; x_wconf 88' lang='lat' dir='ltr'><strong>ventum</strong></span> <span class='ocrx_word' id='word_1_28' title='bbox 2566 561 2628 622; x_wconf 92' lang='lat' dir='ltr'><strong>in</strong></span> 
     </span>
     <span class='ocr_line' id='line_1_5' title="bbox 294 642 2631 724; baseline 0.001 -21"><span class='ocrx_word' id='word_1_29' title='bbox 294 642 618 704; x_wconf 89' lang='lat' dir='ltr'><strong>concilium</strong></span> <span class='ocrx_word' id='word_1_30' title='bbox 664 644 757 711; x_wconf 83' lang='lat' dir='ltr'><strong>sit,</strong></span> <span class='ocrx_word' id='word_1_31' title='bbox 804 643 1131 704; x_wconf 86' lang='lat' dir='ltr'><strong>instructus</strong></span> <span class='ocrx_word' id='word_1_32' title='bbox 1176 661 1310 702; x_wconf 88' lang='lat' dir='ltr'><strong>cum</strong></span> <span class='ocrx_word' id='word_1_33' title='bbox 1355 644 1799 704; x_wconf 86' lang='lat' dir='ltr'><strong>coniuratorum</strong></span> <span class='ocrx_word' id='word_1_34' title='bbox 1845 660 2023 706; x_wconf 86' lang='lat' dir='ltr'><strong>manu</strong></span> <span class='ocrx_word' id='word_1_35' title='bbox 2067 653 2446 724; x_wconf 87' lang='lat' dir='ltr'><strong>armatusque</strong></span> <span class='ocrx_word' id='word_1_36' title='bbox 2488 662 2631 705; x_wconf 81' lang='lat' dir='ltr'><strong>ven·</strong></span> 
     </span>
    </p>
   </div>
   <div class='ocr_carea' id='block_1_4' title="bbox 294 731 626 795">
    <p class='ocr_par' dir='ltr' id='par_1_4' title="bbox 294 731 626 795">
     <span class='ocr_line' id='line_1_6' title="bbox 294 731 626 795; baseline 0.006 -9"><span class='ocrx_word' id='word_1_37' title='bbox 294 735 471 795; x_wconf 85' lang='lat' dir='ltr'><strong>turus</strong></span> <span class='ocrx_word' id='word_1_38' title='bbox 527 731 626 788; x_wconf 90' lang='lat' dir='ltr'><strong>sit.</strong></span> 
     </span>
    </p>
   </div>
   <div class='ocr_carea' id='block_1_5' title="bbox 723 725 2697 806">
    <p class='ocr_par' dir='ltr' id='par_1_5' title="bbox 723 725 2697 806">
     <span class='ocr_line' id='line_1_7' title="bbox 723 725 2697 806; baseline -0.001 -19"><span class='ocrx_word' id='word_1_39' title='bbox 723 726 841 789; x_wconf 90' lang='lat' dir='ltr'><strong>dici</strong></span> <span class='ocrx_word' id='word_1_40' title='bbox 897 725 1231 805; x_wconf 85' lang='lat' dir='ltr'><strong>gladiorum</strong></span> <span class='ocrx_word' id='word_1_41' title='bbox 1285 727 1590 806; x_wconf 87' lang='lat' dir='ltr'><strong>ingentem</strong></span> <span class='ocrx_word' id='word_1_42' title='bbox 1648 746 1781 788; x_wconf 84' lang='lat' dir='ltr'><strong>esse</strong></span> <span class='ocrx_word' id='word_1_43' title='bbox 1825 746 2139 790; x_wconf 89' lang='lat' dir='ltr'><strong>numerum</strong></span> <span class='ocrx_word' id='word_1_44' title='bbox 2186 729 2258 790; x_wconf 88' lang='lat' dir='ltr'><strong>ad</strong></span> <span class='ocrx_word' id='word_1_45' title='bbox 2306 746 2441 789; x_wconf 89' lang='lat' dir='ltr'><strong>eum</strong></span> <span class='ocrx_word' id='word_1_46' title='bbox 2486 746 2629 789; x_wconf 91' lang='lat' dir='ltr'><strong>con·</strong></span> <span class='ocrx_word' id='word_1_47' title='bbox 2666 738 2697 786; x_wconf 85' lang='lat'><strong>6</strong></span> 
     </span>
    </p>
   </div>
   <div class='ocr_carea' id='block_1_6' title="bbox 293 810 2699 1230">
    <p class='ocr_par' dir='ltr' id='par_1_6' title="bbox 293 810 2699 1230">
     <span class='ocr_line' id='line_1_8' title="bbox 295 810 2627 893; baseline 0.001 -22"><span class='ocrx_word' id='word_1_48' title='bbox 295 821 553 874; x_wconf 82' lang='lat' dir='ltr'><strong>vectum.</strong></span> <span class='ocrx_word' id='word_1_49' title='bbox 577 818 604 831; x_wconf 76' lang='lat'><strong><em>‘</em></strong></span> <span class='ocrx_word' id='word_1_50' title='bbox 642 810 702 871; x_wconf 91' lang='lat' dir='ltr'><strong>id</strong></span> <span class='ocrx_word' id='word_1_51' title='bbox 764 829 976 872; x_wconf 85' lang='lat' dir='ltr'><strong>vanum</strong></span> <span class='ocrx_word' id='word_1_52' title='bbox 1036 828 1224 872; x_wconf 85' lang='lat' dir='ltr'><strong>necne</strong></span> <span class='ocrx_word' id='word_1_53' title='bbox 1283 813 1389 880; x_wconf 88' lang='lat' dir='ltr'><strong>sit,</strong></span> <span class='ocrx_word' id='word_1_54' title='bbox 1437 810 1735 893; x_wconf 85' lang='lat' dir='ltr'><strong>extemplo</strong></span> <span class='ocrx_word' id='word_1_55' title='bbox 1779 813 1919 873; x_wconf 87' lang='lat' dir='ltr'><strong>sciri</strong></span> <span class='ocrx_word' id='word_1_56' title='bbox 1963 831 2156 893; x_wconf 88' lang='lat' dir='ltr'><strong>posse.</strong></span> <span class='ocrx_word' id='word_1_57' title='bbox 2247 831 2460 892; x_wconf 88' lang='lat' dir='ltr'><strong>rogare</strong></span> <span class='ocrx_word' id='word_1_58' title='bbox 2507 830 2627 883; x_wconf 78' lang='lat' dir='ltr'><strong>eoS‚</strong></span> 
     </span>
     <span class='ocr_line' id='line_1_9' title="bbox 293 894 2699 975; baseline -0 -17"><span class='ocrx_word' id='word_1_59' title='bbox 293 904 362 958; x_wconf 91' lang='lat' dir='ltr'><strong>ut</strong></span> <span class='ocrx_word' id='word_1_60' title='bbox 404 897 547 959; x_wconf 87' lang='lat' dir='ltr'><strong>inde</strong></span> <span class='ocrx_word' id='word_1_61' title='bbox 590 914 793 958; x_wconf 88' lang='lat' dir='ltr'><strong>secum</strong></span> <span class='ocrx_word' id='word_1_62' title='bbox 839 896 910 956; x_wconf 88' lang='lat' dir='ltr'><strong>ad</strong></span> <span class='ocrx_word' id='word_1_63' title='bbox 943 894 1212 957; x_wconf 87' lang='lat' dir='ltr'><strong>Turnum</strong></span> <span class='ocrx_word' id='word_1_64' title='bbox 1261 898 1522 959; x_wconf 83' lang='lat' dir='ltr'><strong>veniant.</strong></span> <span class='ocrx_word' id='word_1_65' title='bbox 1608 905 1944 975; x_wconf 78' lang='lat' dir='ltr'><strong>suspectam</strong></span> <span class='ocrx_word' id='word_1_66' title='bbox 2000 898 2143 959; x_wconf 82' lang='lat' dir='ltr'><strong>fecit</strong></span> <span class='ocrx_word' id='word_1_67' title='bbox 2185 916 2314 958; x_wconf 90' lang='lat' dir='ltr'><strong>rem</strong></span> <span class='ocrx_word' id='word_1_68' title='bbox 2360 906 2421 958; x_wconf 88' lang='lat' dir='ltr'><strong>et</strong></span> <span class='ocrx_word' id='word_1_69' title='bbox 2464 898 2630 975; x_wconf 88' lang='lat' dir='ltr'><strong>inge·</strong></span> <span class='ocrx_word' id='word_1_70' title='bbox 2667 906 2699 956; x_wconf 77' lang='grc'><strong>7</strong></span> 
     </span>
     <span class='ocr_line' id='line_1_10' title="bbox 297 980 2629 1061; baseline 0 -20"><span class='ocrx_word' id='word_1_71' title='bbox 297 984 464 1042; x_wconf 86' lang='lat' dir='ltr'><strong>nium</strong></span> <span class='ocrx_word' id='word_1_72' title='bbox 521 982 711 1043; x_wconf 84' lang='lat' dir='ltr'><strong>Turni</strong></span> <span class='ocrx_word' id='word_1_73' title='bbox 764 981 930 1041; x_wconf 78' lang='lat' dir='ltr'><strong>ferox</strong></span> <span class='ocrx_word' id='word_1_74' title='bbox 989 989 1048 1041; x_wconf 90' lang='lat' dir='ltr'><strong>et</strong></span> <span class='ocrx_word' id='word_1_75' title='bbox 1102 983 1291 1042; x_wconf 88' lang='lat' dir='ltr'><strong>oratio</strong></span> <span class='ocrx_word' id='word_1_76' title='bbox 1358 980 1639 1041; x_wconf 83' lang='lat' dir='ltr'><strong>hesterna</strong></span> <span class='ocrx_word' id='word_1_77' title='bbox 1708 989 1768 1042; x_wconf 91' lang='lat' dir='ltr'><strong>et</strong></span> <span class='ocrx_word' id='word_1_78' title='bbox 1833 998 1999 1042; x_wconf 84' lang='lat' dir='ltr'><strong>mora</strong></span> <span class='ocrx_word' id='word_1_79' title='bbox 2064 982 2401 1061; x_wconf 89' lang='lat' dir='ltr'><strong>Tarquinii,</strong></span> <span class='ocrx_word' id='word_1_80' title='bbox 2472 981 2629 1061; x_wconf 88' lang='lat' dir='ltr'><strong>quod</strong></span> 
     </span>
     <span class='ocr_line' id='line_1_11' title="bbox 294 1064 2627 1146; baseline 0 -20"><span class='ocrx_word' id='word_1_81' title='bbox 294 1065 611 1126; x_wconf 81' lang='lat' dir='ltr'><strong>videbatur</strong></span> <span class='ocrx_word' id='word_1_82' title='bbox 656 1065 733 1127; x_wconf 91' lang='lat' dir='ltr'><strong>ob</strong></span> <span class='ocrx_word' id='word_1_83' title='bbox 778 1083 909 1127; x_wconf 86' lang='lat' dir='ltr'><strong>eam</strong></span> <span class='ocrx_word' id='word_1_84' title='bbox 955 1064 1182 1126; x_wconf 72' lang='lat' dir='ltr'><strong>differri</strong></span> <span class='ocrx_word' id='word_1_85' title='bbox 1229 1065 1443 1127; x_wconf 85' lang='lat' dir='ltr'><strong>caedes</strong></span> <span class='ocrx_word' id='word_1_86' title='bbox 1487 1066 1772 1144; x_wconf 89' lang='lat' dir='ltr'><strong>potuisse.</strong></span> <span class='ocrx_word' id='word_1_87' title='bbox 1860 1073 2006 1127; x_wconf 89' lang='lat' dir='ltr'><strong>eunt</strong></span> <span class='ocrx_word' id='word_1_88' title='bbox 2046 1066 2345 1127; x_wconf 86' lang='lat' dir='ltr'><strong>inclinatis</strong></span> <span class='ocrx_word' id='word_1_89' title='bbox 2388 1066 2627 1146; x_wconf 88' lang='lat' dir='ltr'><strong>quidem</strong></span> 
     </span>
     <span class='ocr_line' id='line_1_12' title="bbox 296 1148 2627 1230; baseline 0 -19"><span class='ocrx_word' id='word_1_90' title='bbox 296 1150 373 1211; x_wconf 86' lang='lat' dir='ltr'><strong>ad</strong></span> <span class='ocrx_word' id='word_1_91' title='bbox 422 1149 789 1211; x_wconf 86' lang='lat' dir='ltr'><strong>credendum</strong></span> <span class='ocrx_word' id='word_1_92' title='bbox 835 1152 1086 1218; x_wconf 88' lang='lat' dir='ltr'><strong>animis,</strong></span> <span class='ocrx_word' id='word_1_93' title='bbox 1144 1158 1341 1210; x_wconf 90' lang='lat' dir='ltr'><strong>tamen</strong></span> <span class='ocrx_word' id='word_1_94' title='bbox 1389 1151 1504 1211; x_wconf 90' lang='lat' dir='ltr'><strong>nisi</strong></span> <span class='ocrx_word' id='word_1_95' title='bbox 1551 1148 1763 1228; x_wconf 80' lang='lat' dir='ltr'><strong>gladiis</strong></span> <span class='ocrx_word' id='word_1_96' title='bbox 1807 1148 2194 1230; x_wconf 87' lang='lat' dir='ltr'><strong>deprehensis</strong></span> <span class='ocrx_word' id='word_1_97' title='bbox 2241 1158 2435 1211; x_wconf 91' lang='lat' dir='ltr'><strong>cetera</strong></span> <span class='ocrx_word' id='word_1_98' title='bbox 2483 1168 2627 1212; x_wconf 86' lang='lat' dir='ltr'><strong>vana</strong></span> 
     </span>
    </p>
   </div>
   <div class='ocr_carea' id='block_1_7' title="bbox 291 1234 717 1297">
    <p class='ocr_par' dir='ltr' id='par_1_7' title="bbox 291 1234 717 1297">
     <span class='ocr_line' id='line_1_13' title="bbox 291 1234 717 1297; baseline -0.002 -2"><span class='ocrx_word' id='word_1_99' title='bbox 291 1234 717 1297; x_wconf 76' lang='lat' dir='ltr'><strong>existimaturi.</strong></span> 
     </span>
    </p>
   </div>
   <div class='ocr_carea' id='block_1_8' title="bbox 817 1233 2701 1305">
    <p class='ocr_par' dir='ltr' id='par_1_8' title="bbox 817 1233 2701 1305">
     <span class='ocr_line' id='line_1_14' title="bbox 817 1233 2701 1305; baseline -0.002 -11"><span class='ocrx_word' id='word_1_100' title='bbox 817 1234 918 1295; x_wconf 89' lang='lat' dir='ltr'><strong>ubi</strong></span> <span class='ocrx_word' id='word_1_101' title='bbox 975 1241 1065 1296; x_wconf 87' lang='lat' dir='ltr'><strong>est</strong></span> <span class='ocrx_word' id='word_1_102' title='bbox 1120 1253 1193 1295; x_wconf 90' lang='lat' dir='ltr'><strong>eo</strong></span> <span class='ocrx_word' id='word_1_103' title='bbox 1251 1241 1526 1305; x_wconf 88' lang='lat' dir='ltr'><strong>ventum,</strong></span> <span class='ocrx_word' id='word_1_104' title='bbox 1584 1233 1849 1296; x_wconf 87' lang='lat' dir='ltr'><strong>Turnum</strong></span> <span class='ocrx_word' id='word_1_105' title='bbox 1906 1253 1981 1296; x_wconf 85' lang='lat' dir='ltr'><strong>ex</strong></span> <span class='ocrx_word' id='word_1_106' title='bbox 2037 1253 2245 1297; x_wconf 85' lang='lat' dir='ltr'><strong>somno</strong></span> <span class='ocrx_word' id='word_1_107' title='bbox 2310 1236 2630 1297; x_wconf 87' lang='lat' dir='ltr'><strong>excitatum</strong></span> <span class='ocrx_word' id='word_1_108' title='bbox 2665 1240 2701 1290; x_wconf 83' lang='lat'><strong>8</strong></span> 
     </span>
    </p>
   </div>
   <div class='ocr_carea' id='block_1_9' title="bbox 291 1319 2729 1905">
    <p class='ocr_par' dir='ltr' id='par_1_9' title="bbox 291 1319 2729 1905">
     <span class='ocr_line' id='line_1_15' title="bbox 291 1319 2629 1399; baseline 0 -20"><span class='ocrx_word' id='word_1_109' title='bbox 291 1319 758 1381; x_wconf 65' lang='lat' dir='ltr'><strong>circumsistunt</strong></span> <span class='ocrx_word' id='word_1_110' title='bbox 788 1319 1092 1387; x_wconf 60' lang='lat' dir='ltr'><strong>custodem</strong></span> <span class='ocrx_word' id='word_1_111' title='bbox 1140 1320 1691 1398; x_wconf 79' lang='lat' dir='ltr'><strong>conprehensisque</strong></span> <span class='ocrx_word' id='word_1_112' title='bbox 1743 1320 1948 1393; x_wconf 85' lang='lat' dir='ltr'><strong>servis,</strong></span> <span class='ocrx_word' id='word_1_113' title='bbox 1994 1322 2094 1399; x_wconf 89' lang='lat' dir='ltr'><strong>qui</strong></span> <span class='ocrx_word' id='word_1_114' title='bbox 2126 1321 2372 1381; x_wconf 81' lang='lat' dir='ltr'><strong>caritate</strong></span> <span class='ocrx_word' id='word_1_115' title='bbox 2402 1319 2629 1380; x_wconf 89' lang='lat' dir='ltr'><strong>domini</strong></span> 
     </span>
     <span class='ocr_line' id='line_1_16' title="bbox 297 1401 2631 1483; baseline 0.001 -21"><span class='ocrx_word' id='word_1_116' title='bbox 297 1403 415 1463; x_wconf 87' lang='lat' dir='ltr'><strong>vim</strong></span> <span class='ocrx_word' id='word_1_117' title='bbox 461 1401 769 1482; x_wconf 84' lang='lat' dir='ltr'><strong>parabant,</strong></span> <span class='ocrx_word' id='word_1_118' title='bbox 818 1419 951 1463; x_wconf 87' lang='lat' dir='ltr'><strong>cum</strong></span> <span class='ocrx_word' id='word_1_119' title='bbox 998 1401 1177 1480; x_wconf 81' lang='lat' dir='ltr'><strong>gladii</strong></span> <span class='ocrx_word' id='word_1_120' title='bbox 1222 1403 1405 1464; x_wconf 86' lang='lat' dir='ltr'><strong>abditi</strong></span> <span class='ocrx_word' id='word_1_121' title='bbox 1452 1422 1524 1464; x_wconf 83' lang='lat' dir='ltr'><strong>ex</strong></span> <span class='ocrx_word' id='word_1_122' title='bbox 1569 1402 1846 1465; x_wconf 91' lang='lat' dir='ltr'><strong>omnibus</strong></span> <span class='ocrx_word' id='word_1_123' title='bbox 1905 1404 2054 1465; x_wconf 88' lang='lat' dir='ltr'><strong>locis</strong></span> <span class='ocrx_word' id='word_1_124' title='bbox 2098 1403 2446 1465; x_wconf 86' lang='lat' dir='ltr'><strong>deverticuli</strong></span> <span class='ocrx_word' id='word_1_125' title='bbox 2490 1421 2631 1483; x_wconf 88' lang='lat' dir='ltr'><strong>pro-</strong></span> 
     </span>
     <span class='ocr_line' id='line_1_17' title="bbox 301 1485 2626 1568; baseline 0.001 -22"><span class='ocrx_word' id='word_1_126' title='bbox 301 1485 700 1555; x_wconf 84' lang='lat' dir='ltr'><strong>traherentur,</strong></span> <span class='ocrx_word' id='word_1_127' title='bbox 736 1488 1038 1548; x_wconf 88' lang='lat' dir='ltr'><strong>enimvero</strong></span> <span class='ocrx_word' id='word_1_128' title='bbox 1070 1488 1379 1549; x_wconf 79' lang='lat' dir='ltr'><strong>manifesta</strong></span> <span class='ocrx_word' id='word_1_129' title='bbox 1412 1506 1509 1549; x_wconf 90' lang='lat' dir='ltr'><strong>res</strong></span> <span class='ocrx_word' id='word_1_130' title='bbox 1540 1488 1679 1559; x_wconf 86' lang='lat' dir='ltr'><strong>visa,</strong></span> <span class='ocrx_word' id='word_1_131' title='bbox 1710 1489 2083 1568; x_wconf 81' lang='lat' dir='ltr'><strong>iniectaeque</strong></span> <span class='ocrx_word' id='word_1_132' title='bbox 2110 1488 2316 1548; x_wconf 87' lang='lat' dir='ltr'><strong>Turno</strong></span> <span class='ocrx_word' id='word_1_133' title='bbox 2347 1495 2626 1556; x_wconf 86' lang='lat' dir='ltr'><strong>catenae;</strong></span> 
     </span>
     <span class='ocr_line' id='line_1_18' title="bbox 300 1570 2626 1650; baseline 0 -18"><span class='ocrx_word' id='word_1_134' title='bbox 300 1580 362 1632; x_wconf 92' lang='lat' dir='ltr'><strong>et</strong></span> <span class='ocrx_word' id='word_1_135' title='bbox 406 1572 716 1632; x_wconf 74' lang='lat' dir='ltr'><strong>confestim</strong></span> <span class='ocrx_word' id='word_1_136' title='bbox 762 1570 1106 1632; x_wconf 88' lang='lat' dir='ltr'><strong>Latinorum</strong></span> <span class='ocrx_word' id='word_1_137' title='bbox 1161 1572 1480 1634; x_wconf 87' lang='lat' dir='ltr'><strong>concilium</strong></span> <span class='ocrx_word' id='word_1_138' title='bbox 1544 1590 1759 1650; x_wconf 85' lang='lat' dir='ltr'><strong>magno</strong></span> <span class='ocrx_word' id='word_1_139' title='bbox 1805 1591 1940 1634; x_wconf 88' lang='lat' dir='ltr'><strong>eum</strong></span> <span class='ocrx_word' id='word_1_140' title='bbox 1986 1571 2245 1635; x_wconf 78' lang='lat' dir='ltr'><strong>tumultu</strong></span> <span class='ocrx_word' id='word_1_141' title='bbox 2289 1572 2626 1633; x_wconf 79' lang='lat' dir='ltr'><strong>advocatur.</strong></span> 
     </span>
     <span class='ocr_line' id='line_1_19' title="bbox 295 1655 2694 1737; baseline 0.001 -21"><span class='ocrx_word' id='word_1_142' title='bbox 295 1655 381 1716; x_wconf 89' lang='lat' dir='ltr'><strong>ibi</strong></span> <span class='ocrx_word' id='word_1_143' title='bbox 435 1663 552 1716; x_wconf 86' lang='lat' dir='ltr'><strong>tam</strong></span> <span class='ocrx_word' id='word_1_144' title='bbox 610 1663 778 1716; x_wconf 84' lang='lat' dir='ltr'><strong>atrox</strong></span> <span class='ocrx_word' id='word_1_145' title='bbox 832 1656 1049 1717; x_wconf 86' lang='lat' dir='ltr'><strong>invidia</strong></span> <span class='ocrx_word' id='word_1_146' title='bbox 1095 1665 1226 1717; x_wconf 87' lang='lat' dir='ltr'><strong>orta</strong></span> <span class='ocrx_word' id='word_1_147' title='bbox 1274 1665 1364 1718; x_wconf 91' lang='lat' dir='ltr'><strong>est</strong></span> <span class='ocrx_word' id='word_1_148' title='bbox 1406 1656 1620 1735; x_wconf 84' lang='lat' dir='ltr'><strong>gladiis</strong></span> <span class='ocrx_word' id='word_1_149' title='bbox 1661 1659 1722 1718; x_wconf 89' lang='lat' dir='ltr'><strong>in</strong></span> <span class='ocrx_word' id='word_1_150' title='bbox 1769 1657 1969 1718; x_wconf 88' lang='lat' dir='ltr'><strong>medio</strong></span> <span class='ocrx_word' id='word_1_151' title='bbox 2017 1658 2241 1737; x_wconf 85' lang='lat' dir='ltr'><strong>positis,</strong></span> <span class='ocrx_word' id='word_1_152' title='bbox 2278 1665 2357 1717; x_wconf 83' lang='lat' dir='ltr'><strong>·ut</strong></span> <span class='ocrx_word' id='word_1_153' title='bbox 2398 1657 2622 1719; x_wconf 87' lang='lat' dir='ltr'><strong>indicta</strong></span> <span class='ocrx_word' id='word_1_154' title='bbox 2662 1664 2694 1712; x_wconf 83' lang='lat'>9</span> 
     </span>
     <span class='ocr_line' id='line_1_20' title="bbox 295 1740 2630 1820; baseline 0.001 -20"><span class='ocrx_word' id='word_1_155' title='bbox 295 1757 477 1800; x_wconf 85' lang='lat' dir='ltr'><strong>causa</strong></span> <span class='ocrx_word' id='word_1_156' title='bbox 520 1757 673 1801; x_wconf 87' lang='lat' dir='ltr'><strong>novo</strong></span> <span class='ocrx_word' id='word_1_157' title='bbox 716 1758 935 1820; x_wconf 81' lang='lat' dir='ltr'><strong>genere</strong></span> <span class='ocrx_word' id='word_1_158' title='bbox 982 1740 1114 1809; x_wconf 90' lang='lat' dir='ltr'><strong>leti,</strong></span> <span class='ocrx_word' id='word_1_159' title='bbox 1176 1741 1441 1802; x_wconf 89' lang='lat' dir='ltr'><strong>deiectus</strong></span> <span class='ocrx_word' id='word_1_160' title='bbox 1485 1741 1557 1801; x_wconf 89' lang='lat' dir='ltr'><strong>ad</strong></span> <span class='ocrx_word' id='word_1_161' title='bbox 1606 1751 1785 1819; x_wconf 86' lang='lat' dir='ltr'><strong>caput</strong></span> <span class='ocrx_word' id='word_1_162' title='bbox 1827 1758 2019 1819; x_wconf 88' lang='lat' dir='ltr'><strong>aquae</strong></span> <span class='ocrx_word' id='word_1_163' title='bbox 2065 1742 2424 1806; x_wconf 83' lang='lat' dir='ltr'><strong>Ferentinae</strong></span> <span class='ocrx_word' id='word_1_164' title='bbox 2468 1749 2630 1803; x_wconf 86' lang='lat' dir='ltr'><strong>crate</strong></span> 
     </span>
     <span class='ocr_line' id='line_1_21' title="bbox 295 1825 2729 1905; baseline -0.001 -20"><span class='ocrx_word' id='word_1_165' title='bbox 295 1841 555 1904; x_wconf 87' lang='lat' dir='ltr'><strong>superne</strong></span> <span class='ocrx_word' id='word_1_166' title='bbox 600 1825 819 1888; x_wconf 86' lang='lat' dir='ltr'><strong>iniecta</strong></span> <span class='ocrx_word' id='word_1_167' title='bbox 862 1828 1134 1905; x_wconf 86' lang='lat' dir='ltr'><strong>saxisque</strong></span> <span class='ocrx_word' id='word_1_168' title='bbox 1181 1828 1504 1904; x_wconf 86' lang='lat' dir='ltr'><strong>congestis,</strong></span> <span class='ocrx_word' id='word_1_169' title='bbox 1551 1835 1941 1904; x_wconf 84' lang='lat' dir='ltr'><strong>mergeretur.</strong></span> <span class='ocrx_word' id='word_1_170' title='bbox 2039 1826 2352 1886; x_wconf 86' lang='lat' dir='ltr'><strong>Revocatis</strong></span> <span class='ocrx_word' id='word_1_171' title='bbox 2411 1825 2627 1887; x_wconf 89' lang='lat' dir='ltr'><strong>deinde</strong></span> <span class='ocrx_word' id='word_1_172' title='bbox 2653 1825 2729 1882; x_wconf 76' lang='lat'><strong>52</strong></span> 
     </span>
    </p>
   </div>
   <div class='ocr_carea' id='block_1_10' title="bbox 243 1909 2629 1991">
    <p class='ocr_par' dir='ltr' id='par_1_10' title="bbox 243 1909 2629 1991">
     <span class='ocr_line' id='line_1_22' title="bbox 243 1909 2629 1991; baseline -0 -20"><span class='ocrx_word' id='word_1_173' title='bbox 243 1982 248 1989; x_wconf 24' lang='grc' dir='ltr'>ι</span> <span class='ocrx_word' id='word_1_174' title='bbox 295 1909 370 1971; x_wconf 89' lang='lat' dir='ltr'><strong>ad</strong></span> <span class='ocrx_word' id='word_1_175' title='bbox 416 1909 732 1971; x_wconf 88' lang='lat' dir='ltr'><strong>concilium</strong></span> <span class='ocrx_word' id='word_1_176' title='bbox 767 1910 992 1971; x_wconf 84' lang='lat' dir='ltr'><strong>Latinis</strong></span> <span class='ocrx_word' id='word_1_177' title='bbox 1018 1910 1383 1991; x_wconf 84' lang='lat' dir='ltr'><strong>Tarquinius</strong></span> <span class='ocrx_word' id='word_1_178' title='bbox 1428 1909 1931 1991; x_wconf 85' lang='lat' dir='ltr'><strong>conlaudatisque,</strong></span> <span class='ocrx_word' id='word_1_179' title='bbox 1978 1913 2079 1990; x_wconf 91' lang='lat' dir='ltr'><strong>qui</strong></span> <span class='ocrx_word' id='word_1_180' title='bbox 2110 1911 2377 1971; x_wconf 86' lang='lat' dir='ltr'><strong>Turnum</strong></span> <span class='ocrx_word' id='word_1_181' title='bbox 2409 1927 2629 1971; x_wconf 83' lang='lat' dir='ltr'><strong>novan-</strong></span> 
     </span>
    </p>
   </div>
   <div class='ocr_carea' id='block_1_11' title="bbox 299 1993 2696 2243">
    <p class='ocr_par' dir='ltr' id='par_1_11' title="bbox 299 1993 2696 2243">
     <span class='ocr_line' id='line_1_23' title="bbox 299 1993 2642 2075; baseline 0 -21"><span class='ocrx_word' id='word_1_182' title='bbox 299 2001 421 2054; x_wconf 90' lang='lat' dir='ltr'><strong>tem</strong></span> <span class='ocrx_word' id='word_1_183' title='bbox 465 2012 562 2056; x_wconf 87' lang='lat' dir='ltr'><strong>res</strong></span> <span class='ocrx_word' id='word_1_184' title='bbox 606 2011 717 2071; x_wconf 88' lang='lat' dir='ltr'><strong>pro</strong></span> <span class='ocrx_word' id='word_1_185' title='bbox 748 1994 1063 2055; x_wconf 80' lang='lat' dir='ltr'><strong>manifesto</strong></span> <span class='ocrx_word' id='word_1_186' title='bbox 1092 1996 1418 2073; x_wconf 88' lang='lat' dir='ltr'><strong>parricidio</strong></span> <span class='ocrx_word' id='word_1_187' title='bbox 1462 1995 1674 2056; x_wconf 88' lang='lat' dir='ltr'><strong>merita</strong></span> <span class='ocrx_word' id='word_1_188' title='bbox 1706 2012 1899 2075; x_wconf 87' lang='lat' dir='ltr'><strong>poena</strong></span> <span class='ocrx_word' id='word_1_189' title='bbox 1929 1996 2303 2069; x_wconf 79' lang='lat' dir='ltr'><strong>adfecissent,</strong></span> <span class='ocrx_word' id='word_1_190' title='bbox 2338 1996 2417 2054; x_wconf 89' lang='lat' dir='ltr'><strong>ita</strong></span> <span class='ocrx_word' id='word_1_191' title='bbox 2451 1993 2642 2067; x_wconf 47' lang='lat' dir='ltr'><strong>verba,</strong></span> 
     </span>
     <span class='ocr_line' id='line_1_24' title="bbox 302 2076 2696 2159; baseline 0.002 -23"><span class='ocrx_word' id='word_1_192' title='bbox 302 2078 475 2140; x_wconf 76' lang='lat' dir='ltr'><strong>fecit:</strong></span> <span class='ocrx_word' id='word_1_193' title='bbox 536 2097 708 2158; x_wconf 91' lang='lat' dir='ltr'><strong>posse</strong></span> <span class='ocrx_word' id='word_1_194' title='bbox 756 2078 996 2157; x_wconf 90' lang='lat' dir='ltr'><strong>quidem</strong></span> <span class='ocrx_word' id='word_1_195' title='bbox 1042 2096 1110 2139; x_wconf 87' lang='lat' dir='ltr'><strong>se</strong></span> <span class='ocrx_word' id='word_1_196' title='bbox 1157 2088 1385 2141; x_wconf 89' lang='lat' dir='ltr'><strong>vetusto</strong></span> <span class='ocrx_word' id='word_1_197' title='bbox 1430 2082 1562 2141; x_wconf 88' lang='lat' dir='ltr'><strong>iure</strong></span> <span class='ocrx_word' id='word_1_198' title='bbox 1606 2098 1805 2159; x_wconf 85' lang='lat' dir='ltr'><strong>agere,</strong></span> <span class='ocrx_word' id='word_1_199' title='bbox 1860 2079 2038 2159; x_wconf 88' lang='lat' dir='ltr'><strong>quod,</strong></span> <span class='ocrx_word' id='word_1_200' title='bbox 2087 2097 2218 2139; x_wconf 89' lang='lat' dir='ltr'><strong>cum</strong></span> <span class='ocrx_word' id='word_1_201' title='bbox 2266 2096 2474 2146; x_wconf 91' lang='lat' dir='ltr'><strong>omnes</strong></span> <span class='ocrx_word' id='word_1_202' title='bbox 2516 2076 2629 2140; x_wconf 85' lang='lat' dir='ltr'><strong>La·</strong></span> <span class='ocrx_word' id='word_1_203' title='bbox 2665 2084 2696 2132; x_wconf 77' lang='grc'>2</span> 
     </span>
     <span class='ocr_line' id='line_1_25' title="bbox 302 2161 2631 2243; baseline -0.001 -19"><span class='ocrx_word' id='word_1_204' title='bbox 302 2163 416 2224; x_wconf 88' lang='lat' dir='ltr'><strong>tini</strong></span> <span class='ocrx_word' id='word_1_205' title='bbox 459 2161 535 2224; x_wconf 89' lang='lat' dir='ltr'><strong>ab</strong></span> <span class='ocrx_word' id='word_1_206' title='bbox 580 2161 725 2224; x_wconf 81' lang='lat' dir='ltr'><strong>Alba</strong></span> <span class='ocrx_word' id='word_1_207' title='bbox 771 2161 1007 2223; x_wconf 87' lang='lat' dir='ltr'><strong>oriundi</strong></span> <span class='ocrx_word' id='word_1_208' title='bbox 1054 2165 1193 2238; x_wconf 84' lang='lat' dir='ltr'><strong>sint,</strong></span> <span class='ocrx_word' id='word_1_209' title='bbox 1243 2161 1366 2243; x_wconf 89' lang='lat' dir='ltr'><strong>[in]</strong></span> <span class='ocrx_word' id='word_1_210' title='bbox 1416 2182 1488 2225; x_wconf 92' lang='lat' dir='ltr'><strong>eo</strong></span> <span class='ocrx_word' id='word_1_211' title='bbox 1533 2164 1789 2224; x_wconf 75' lang='lat' dir='ltr'><strong>foedere</strong></span> <span class='ocrx_word' id='word_1_212' title='bbox 1821 2170 2156 2232; x_wconf 85' lang='lat' dir='ltr'><strong>teneantur,</strong></span> <span class='ocrx_word' id='word_1_213' title='bbox 2202 2181 2322 2242; x_wconf 89' lang='lat' dir='ltr'><strong>quo</strong></span> <span class='ocrx_word' id='word_1_214' title='bbox 2352 2162 2427 2223; x_wconf 91' lang='lat' dir='ltr'><strong>ab</strong></span> <span class='ocrx_word' id='word_1_215' title='bbox 2458 2161 2631 2223; x_wconf 89' lang='lat' dir='ltr'><strong>Tullo</strong></span> 
     </span>
    </p>
   </div>
   <div class='ocr_carea' id='block_1_12' title="bbox 295 2360 1421 4460">
    <p class='ocr_par' dir='ltr' id='par_1_12' title="bbox 295 2360 1413 2553">
     <span class='ocr_line' id='line_1_26' title="bbox 298 2360 1413 2429; baseline 0.003 -13"><span class='ocrx_word' id='word_1_216' title='bbox 298 2360 689 2429; x_wconf 81' lang='lat' dir='ltr'><strong>Vordergrund</strong></span> <span class='ocrx_word' id='word_1_217' title='bbox 736 2379 804 2419; x_wconf 88' lang='lat' dir='ltr'><strong>zu</strong></span> <span class='ocrx_word' id='word_1_218' title='bbox 849 2361 1075 2418; x_wconf 87' lang='lat' dir='ltr'><strong>stellen:</strong></span> <span class='ocrx_word' id='word_1_219' title='bbox 1137 2362 1259 2420; x_wconf 73' lang='lat' dir='ltr'><strong>‘auf</strong></span> <span class='ocrx_word' id='word_1_220' title='bbox 1305 2363 1413 2419; x_wconf 87' lang='lat' dir='ltr'><strong>den</strong></span> 
     </span>
     <span class='ocr_line' id='line_1_27' title="bbox 295 2429 1412 2553; baseline 0 -67"><span class='ocrx_word' id='word_1_221' title='bbox 295 2447 358 2553; x_wconf 56' lang='lat' dir='ltr'><strong>{r</strong></span> <span class='ocrx_word' id='word_1_222' title='bbox 370 2447 453 2553; x_wconf 86' lang='lat' dir='ltr'><strong>bes</strong></span> <span class='ocrx_word' id='word_1_223' title='bbox 491 2429 707 2487; x_wconf 74' lang='lat' dir='ltr'><strong>freilich</strong></span> <span class='ocrx_word' id='word_1_224' title='bbox 732 2446 818 2487; x_wconf 93' lang='lat' dir='ltr'><strong>am</strong></span> <span class='ocrx_word' id='word_1_225' title='bbox 841 2429 1075 2487; x_wconf 83' lang='lat' dir='ltr'><strong>meisten</strong></span> <span class='ocrx_word' id='word_1_226' title='bbox 1100 2429 1412 2500; x_wconf 84' lang='lat' dir='ltr'><strong>abgesehen</strong></span> 
     </span>
    </p>

    <p class='ocr_par' dir='ltr' id='par_1_13' title="bbox 335 2505 475 2554">
     <span class='ocr_line' id='line_1_28' title="bbox 335 2505 475 2554; baseline -0.014 0"><span class='ocrx_word' id='word_1_227' title='bbox 335 2515 364 2553; x_wconf 92' lang='lat' dir='ltr'><strong>a</strong></span> <span class='ocrx_word' id='word_1_228' title='bbox 407 2505 475 2554; x_wconf 89' lang='lat' dir='ltr'><strong>e’.</strong></span> 
     </span>
    </p>

    <p class='ocr_par' dir='ltr' id='par_1_14' title="bbox 296 2564 1412 2691">
     <span class='ocr_line' id='line_1_29' title="bbox 364 2564 1412 2623; baseline 0.003 -4"><span class='ocrx_word' id='word_1_229' title='bbox 364 2570 413 2623; x_wconf 95' lang='grc'><strong>5.</strong></span> <span class='ocrx_word' id='word_1_230' title='bbox 489 2564 757 2622; x_wconf 86' lang='lat' dir='ltr'><strong>Verbinde</strong></span> <span class='ocrx_word' id='word_1_231' title='bbox 792 2580 921 2621; x_wconf 81' lang='lat' dir='ltr'><strong>cum</strong></span> <span class='ocrx_word' id='word_1_232' title='bbox 958 2602 973 2618; x_wconf 92' lang='lat'><strong>.</strong></span> <span class='ocrx_word' id='word_1_233' title='bbox 1015 2607 1028 2620; x_wconf 98' lang='lat'><strong>.</strong></span> <span class='ocrx_word' id='word_1_234' title='bbox 1066 2582 1242 2622; x_wconf 81' lang='lat' dir='ltr'><strong>manu</strong></span> <span class='ocrx_word' id='word_1_235' title='bbox 1279 2581 1412 2622; x_wconf 83' lang='lat' dir='ltr'><strong>ven·</strong></span> 
     </span>
     <span class='ocr_line' id='line_1_30' title="bbox 296 2636 599 2691; baseline 0.003 -3"><span class='ocrx_word' id='word_1_236' title='bbox 296 2639 467 2691; x_wconf 76' lang='lat' dir='ltr'><strong>turus</strong></span> <span class='ocrx_word' id='word_1_237' title='bbox 504 2636 599 2689; x_wconf 81' lang='lat' dir='ltr'><strong>sit.</strong></span> 
     </span>
    </p>

    <p class='ocr_par' dir='ltr' id='par_1_15' title="bbox 297 2700 1414 2899">
     <span class='ocr_line' id='line_1_31' title="bbox 365 2700 1414 2767; baseline 0.005 -14"><span class='ocrx_word' id='word_1_238' title='bbox 365 2705 415 2754; x_wconf 83' lang='grc'><strong>6.</strong></span> <span class='ocrx_word' id='word_1_239' title='bbox 469 2701 630 2767; x_wconf 83' lang='lat' dir='ltr'><strong>inde,</strong></span> <span class='ocrx_word' id='word_1_240' title='bbox 689 2717 796 2756; x_wconf 88' lang='lat' dir='ltr'><strong>von</strong></span> <span class='ocrx_word' id='word_1_241' title='bbox 850 2700 916 2756; x_wconf 86' lang='lat' dir='ltr'><strong>da</strong></span> <span class='ocrx_word' id='word_1_242' title='bbox 976 2716 1102 2764; x_wconf 86' lang='lat' dir='ltr'><strong>aus,</strong></span> <span class='ocrx_word' id='word_1_243' title='bbox 1163 2700 1261 2760; x_wconf 74' lang='lat' dir='ltr'><strong>aul</strong></span> <span class='ocrx_word' id='word_1_244' title='bbox 1315 2700 1414 2758; x_wconf 89' lang='lat' dir='ltr'><strong>der</strong></span> 
     </span>
     <span class='ocr_line' id='line_1_32' title="bbox 298 2766 1412 2834; baseline 0.001 -10"><span class='ocrx_word' id='word_1_245' title='bbox 298 2767 496 2832; x_wconf 85' lang='lat' dir='ltr'><strong>Stelle,</strong></span> <span class='ocrx_word' id='word_1_246' title='bbox 539 2768 592 2825; x_wconf 93' lang='lat' dir='ltr'><strong>d.</strong></span> <span class='ocrx_word' id='word_1_247' title='bbox 637 2768 674 2824; x_wconf 88' lang='lat' dir='ltr'><strong>i.</strong></span> <span class='ocrx_word' id='word_1_248' title='bbox 724 2767 934 2834; x_wconf 77' lang='lat' dir='ltr'><strong>solort3</strong></span> <span class='ocrx_word' id='word_1_249' title='bbox 995 2784 1060 2824; x_wconf 88' lang='lat' dir='ltr'><strong>so</strong></span> <span class='ocrx_word' id='word_1_250' title='bbox 1100 2767 1182 2823; x_wconf 84' lang='lat' dir='ltr'><strong>ol&#39;t</strong></span> <span class='ocrx_word' id='word_1_251' title='bbox 1227 2766 1320 2823; x_wconf 83' lang='lat' dir='ltr'><strong>bei</strong></span> <span class='ocrx_word' id='word_1_252' title='bbox 1354 2767 1412 2826; x_wconf 77' lang='lat'><strong>1..</strong></span> 
     </span>
     <span class='ocr_line' id='line_1_33' title="bbox 297 2839 844 2899; baseline -0.002 -6"><span class='ocrx_word' id='word_1_253' title='bbox 297 2852 345 2893; x_wconf 78' lang='grc' dir='ltr'><strong>ο.</strong></span> <span class='ocrx_word' id='word_1_254' title='bbox 382 2839 466 2899; x_wconf 79' lang='grc'><strong>69,</strong></span> <span class='ocrx_word' id='word_1_255' title='bbox 502 2841 563 2898; x_wconf 84' lang='grc'>2;</span> <span class='ocrx_word' id='word_1_256' title='bbox 605 2840 665 2887; x_wconf 86' lang='grc'><strong>12</strong></span> <span class='ocrx_word' id='word_1_257' title='bbox 702 2853 756 2892; x_wconf 89' lang='lat' dir='ltr'><strong>u.</strong></span> <span class='ocrx_word' id='word_1_258' title='bbox 794 2839 844 2892; x_wconf 79' lang='grc' dir='ltr'><strong>ὅ.</strong></span> 
     </span>
    </p>

    <p class='ocr_par' dir='ltr' id='par_1_16' title="bbox 297 2902 1415 3443">
     <span class='ocr_line' id='line_1_34' title="bbox 369 2902 1411 2970; baseline 0.001 -14"><span class='ocrx_word' id='word_1_259' title='bbox 369 2907 419 2961; x_wconf 83' lang='grc'><strong>’1.</strong></span> <span class='ocrx_word' id='word_1_260' title='bbox 452 2906 742 2969; x_wconf 72' lang='lat' dir='ltr'><strong>hesterna,</strong></span> <span class='ocrx_word' id='word_1_261' title='bbox 766 2919 892 2960; x_wconf 84' lang='lat' dir='ltr'><strong>vom</strong></span> <span class='ocrx_word' id='word_1_262' title='bbox 918 2902 1411 2970; x_wconf 83' lang='lat' dir='ltr'><strong>vorhergehenden</strong></span> 
     </span>
     <span class='ocr_line' id='line_1_35' title="bbox 297 2971 1411 3039; baseline -0.001 -12"><span class='ocrx_word' id='word_1_263' title='bbox 297 2971 459 3039; x_wconf 77' lang='lat' dir='ltr'><strong>Tage.</strong></span> <span class='ocrx_word' id='word_1_264' title='bbox 494 3001 561 3010; x_wconf 91' lang='lat'><strong>—</strong></span> <span class='ocrx_word' id='word_1_265' title='bbox 597 2973 712 3028; x_wconf 81' lang='lat' dir='ltr'><strong>nisi</strong></span> <span class='ocrx_word' id='word_1_266' title='bbox 744 2971 815 3039; x_wconf 68' lang='lat'><strong>91.</strong></span> <span class='ocrx_word' id='word_1_267' title='bbox 843 2972 972 3039; x_wconf 80' lang='lat' dir='ltr'><strong>dep.</strong></span> <span class='ocrx_word' id='word_1_268' title='bbox 1012 3011 1023 3023; x_wconf 96' lang='lat'><strong>.</strong></span> <span class='ocrx_word' id='word_1_269' title='bbox 1065 3008 1078 3021; x_wconf 88' lang='lat'><strong>.</strong></span> <span class='ocrx_word' id='word_1_270' title='bbox 1116 2972 1411 3026; x_wconf 74' lang='lat' dir='ltr'><strong>existima-</strong></span> 
     </span>
     <span class='ocr_line' id='line_1_36' title="bbox 297 3036 1415 3106; baseline -0.001 -12"><span class='ocrx_word' id='word_1_271' title='bbox 297 3041 437 3101; x_wconf 77' lang='lat' dir='ltr'><strong>turi.</strong></span> <span class='ocrx_word' id='word_1_272' title='bbox 471 3039 713 3106; x_wconf 81' lang='lat' dir='ltr'><strong>geneigt,</strong></span> <span class='ocrx_word' id='word_1_273' title='bbox 750 3039 890 3095; x_wconf 86' lang='lat' dir='ltr'><strong>auch</strong></span> <span class='ocrx_word' id='word_1_274' title='bbox 916 3039 1012 3095; x_wconf 88' lang='lat' dir='ltr'><strong>das</strong></span> <span class='ocrx_word' id='word_1_275' title='bbox 1039 3036 1289 3105; x_wconf 72' lang='lat' dir='ltr'><strong>nem-ige,</strong></span> <span class='ocrx_word' id='word_1_276' title='bbox 1310 3037 1415 3093; x_wconf 87' lang='lat' dir='ltr'><strong>-die</strong></span> 
     </span>
     <span class='ocr_line' id='line_1_37' title="bbox 299 3104 1415 3174; baseline -0.001 -12"><span class='ocrx_word' id='word_1_277' title='bbox 299 3105 538 3174; x_wconf 81' lang='lat' dir='ltr'><strong>uhrigen</strong></span> <span class='ocrx_word' id='word_1_278' title='bbox 582 3104 986 3173; x_wconf 79' lang='lat' dir='ltr'><strong>Beschuldigun</strong></span> <span class='ocrx_word' id='word_1_279' title='bbox 1030 3121 1098 3161; x_wconf 90' lang='lat' dir='ltr'><strong>en</strong></span> <span class='ocrx_word' id='word_1_280' title='bbox 1147 3146 1159 3156; x_wconf 91' lang='lat'><strong>.</strong></span> <span class='ocrx_word' id='word_1_281' title='bbox 1208 3146 1260 3170; x_wconf 88' lang='lat'><strong>.,</strong></span> <span class='ocrx_word' id='word_1_282' title='bbox 1296 3121 1415 3162; x_wconf 85' lang='lat' dir='ltr'><strong>wo-</strong></span> 
     </span>
     <span class='ocr_line' id='line_1_38' title="bbox 299 3171 1413 3234; baseline -0.004 -4"><span class='ocrx_word' id='word_1_283' title='bbox 299 3172 423 3230; x_wconf 77' lang='lat' dir='ltr'><strong>sern</strong></span> <span class='ocrx_word' id='word_1_284' title='bbox 450 3211 466 3227; x_wconf 94' lang='lat'><strong>.</strong></span> <span class='ocrx_word' id='word_1_285' title='bbox 487 3213 500 3224; x_wconf 93' lang='lat'><strong>.</strong></span> <span class='ocrx_word' id='word_1_286' title='bbox 522 3215 537 3229; x_wconf 94' lang='lat'><strong>.</strong></span> <span class='ocrx_word' id='word_1_287' title='bbox 573 3175 690 3230; x_wconf 81' lang='lat' dir='ltr'><strong>nisi</strong></span> <span class='ocrx_word' id='word_1_288' title='bbox 711 3173 812 3230; x_wconf 90' lang='lat' dir='ltr'><strong>mit</strong></span> <span class='ocrx_word' id='word_1_289' title='bbox 832 3171 991 3229; x_wconf 61' lang='lat' dir='ltr'><strong>Abla</strong></span> <span class='ocrx_word' id='word_1_290' title='bbox 1033 3190 1078 3228; x_wconf 88' lang='lat' dir='ltr'><strong>s.</strong></span> <span class='ocrx_word' id='word_1_291' title='bbox 1102 3171 1267 3234; x_wconf 69' lang='lat' dir='ltr'><strong>oster,</strong></span> <span class='ocrx_word' id='word_1_292' title='bbox 1292 3189 1338 3227; x_wconf 84' lang='lat' dir='ltr'><strong>z.</strong></span> <span class='ocrx_word' id='word_1_293' title='bbox 1358 3173 1413 3229; x_wconf 90' lang='lat' dir='ltr'><strong>B.</strong></span> 
     </span>
     <span class='ocr_line' id='line_1_39' title="bbox 302 3239 1415 3304; baseline 0.002 -11"><span class='ocrx_word' id='word_1_294' title='bbox 302 3245 352 3304; x_wconf 97' lang='grc'><strong>2,</strong></span> <span class='ocrx_word' id='word_1_295' title='bbox 389 3244 482 3304; x_wconf 87' lang='grc'><strong>24,</strong></span> <span class='ocrx_word' id='word_1_296' title='bbox 519 3245 570 3297; x_wconf 88' lang='grc'><strong>5.</strong></span> <span class='ocrx_word' id='word_1_297' title='bbox 593 3269 658 3279; x_wconf 92' lang='grc'>-</span> <span class='ocrx_word' id='word_1_298' title='bbox 685 3258 838 3296; x_wconf 83' lang='lat' dir='ltr'><strong>vana</strong></span> <span class='ocrx_word' id='word_1_299' title='bbox 870 3243 1070 3304; x_wconf 65' lang='lat' dir='ltr'><strong>exist„</strong></span> <span class='ocrx_word' id='word_1_300' title='bbox 1118 3239 1217 3296; x_wconf 87' lang='lat' dir='ltr'><strong>der</strong></span> <span class='ocrx_word' id='word_1_301' title='bbox 1251 3240 1415 3297; x_wconf 85' lang='lat' dir='ltr'><strong>Form</strong></span> 
     </span>
     <span class='ocr_line' id='line_1_40' title="bbox 298 3306 1414 3370; baseline 0 -7"><span class='ocrx_word' id='word_1_302' title='bbox 298 3308 438 3365; x_wconf 88' lang='lat' dir='ltr'><strong>nach</strong></span> <span class='ocrx_word' id='word_1_303' title='bbox 460 3309 548 3363; x_wconf 89' lang='lat' dir='ltr'><strong>ein</strong></span> <span class='ocrx_word' id='word_1_304' title='bbox 569 3306 936 3370; x_wconf 75' lang='lat' dir='ltr'><strong>affirmativer,</strong></span> <span class='ocrx_word' id='word_1_305' title='bbox 959 3307 1084 3362; x_wconf 87' lang='lat' dir='ltr'><strong>dem</strong></span> <span class='ocrx_word' id='word_1_306' title='bbox 1096 3307 1414 3363; x_wconf 86' lang='lat' dir='ltr'><strong>Sinnenach</strong></span> 
     </span>
     <span class='ocr_line' id='line_1_41' title="bbox 299 3373 1415 3443; baseline 0 -12"><span class='ocrx_word' id='word_1_307' title='bbox 299 3383 480 3443; x_wconf 82' lang='lat' dir='ltr'><strong>negat.</strong></span> <span class='ocrx_word' id='word_1_308' title='bbox 506 3373 632 3431; x_wconf 86' lang='lat' dir='ltr'><strong>Satz</strong></span> <span class='ocrx_word' id='word_1_309' title='bbox 656 3398 724 3419; x_wconf 70' lang='grc' dir='ltr'><strong>ε-</strong></span> <span class='ocrx_word' id='word_1_310' title='bbox 748 3392 864 3431; x_wconf 76' lang='lat' dir='ltr'><strong>non</strong></span> <span class='ocrx_word' id='word_1_311' title='bbox 886 3376 1060 3438; x_wconf 68' lang='lat' dir='ltr'><strong>cred„</strong></span> <span class='ocrx_word' id='word_1_312' title='bbox 1087 3374 1259 3431; x_wconf 82' lang='lat' dir='ltr'><strong>daher</strong></span> <span class='ocrx_word' id='word_1_313' title='bbox 1284 3377 1415 3431; x_wconf 77' lang='lat' dir='ltr'><strong>nisi.</strong></span> 
     </span>
    </p>

    <p class='ocr_par' dir='ltr' id='par_1_17' title="bbox 298 3442 1417 3709">
     <span class='ocr_line' id='line_1_42' title="bbox 373 3442 1415 3510; baseline -0.001 -14"><span class='ocrx_word' id='word_1_314' title='bbox 373 3446 425 3499; x_wconf 85' lang='lat'><strong>8.</strong></span> <span class='ocrx_word' id='word_1_315' title='bbox 459 3445 721 3505; x_wconf 78' lang='lat' dir='ltr'><strong>caritate,</strong></span> <span class='ocrx_word' id='word_1_316' title='bbox 755 3442 1162 3510; x_wconf 74' lang='lat' dir='ltr'><strong>Beweggrund,</strong></span> <span class='ocrx_word' id='word_1_317' title='bbox 1199 3459 1241 3500; x_wconf 86' lang='lat' dir='ltr'><strong>s.</strong></span> <span class='ocrx_word' id='word_1_318' title='bbox 1261 3459 1306 3498; x_wconf 89' lang='lat' dir='ltr'><strong>c.</strong></span> <span class='ocrx_word' id='word_1_319' title='bbox 1332 3447 1415 3505; x_wconf 89' lang='grc'><strong>30,</strong></span> 
     </span>
     <span class='ocr_line' id='line_1_43' title="bbox 298 3508 1415 3574; baseline 0.002 -11"><span class='ocrx_word' id='word_1_320' title='bbox 298 3514 350 3565; x_wconf 89' lang='grc'><strong>4.</strong></span> <span class='ocrx_word' id='word_1_321' title='bbox 372 3538 441 3548; x_wconf 91' lang='grc'>-</span> <span class='ocrx_word' id='word_1_322' title='bbox 476 3512 781 3574; x_wconf 83' lang='lat' dir='ltr'><strong>enimvero,</strong></span> <span class='ocrx_word' id='word_1_323' title='bbox 806 3510 870 3566; x_wconf 89' lang='lat' dir='ltr'><strong>da</strong></span> <span class='ocrx_word' id='word_1_324' title='bbox 900 3509 1133 3572; x_wconf 78' lang='lat' dir='ltr'><strong>freilich,</strong></span> <span class='ocrx_word' id='word_1_325' title='bbox 1162 3509 1229 3565; x_wconf 86' lang='lat' dir='ltr'><strong>da</strong></span> <span class='ocrx_word' id='word_1_326' title='bbox 1253 3508 1415 3567; x_wconf 87' lang='lat' dir='ltr'><strong>aller-</strong></span> 
     </span>
     <span class='ocr_line' id='line_1_44' title="bbox 305 3576 1417 3645; baseline 0 -12"><span class='ocrx_word' id='word_1_327' title='bbox 305 3577 397 3633; x_wconf 88' lang='lat' dir='ltr'><strong>din</strong></span> <span class='ocrx_word' id='word_1_328' title='bbox 441 3596 468 3633; x_wconf 89' lang='lat' dir='ltr'><strong>s</strong></span> <span class='ocrx_word' id='word_1_329' title='bbox 488 3576 804 3645; x_wconf 81' lang='lat' dir='ltr'><strong>(natiirlich,</strong></span> <span class='ocrx_word' id='word_1_330' title='bbox 826 3577 1417 3644; x_wconf 65' lang='lat' dir='ltr'><strong>selbstverstandlich),</strong></span> 
     </span>
     <span class='ocr_line' id='line_1_45' title="bbox 300 3645 1210 3709; baseline 0.001 -10"><span class='ocrx_word' id='word_1_331' title='bbox 300 3645 375 3699; x_wconf 92' lang='lat' dir='ltr'><strong>im</strong></span> <span class='ocrx_word' id='word_1_332' title='bbox 456 3647 710 3701; x_wconf 82' lang='lat' dir='ltr'><strong>achsatze</strong></span> <span class='ocrx_word' id='word_1_333' title='bbox 746 3646 887 3703; x_wconf 86' lang='lat' dir='ltr'><strong>auch</strong></span> <span class='ocrx_word' id='word_1_334' title='bbox 922 3649 970 3707; x_wconf 83' lang='lat'><strong>6,</strong></span> <span class='ocrx_word' id='word_1_335' title='bbox 1011 3648 1090 3709; x_wconf 88' lang='grc'>14,</span> <span class='ocrx_word' id='word_1_336' title='bbox 1129 3650 1210 3700; x_wconf 90' lang='grc'><strong>12.</strong></span> 
     </span>
    </p>

    <p class='ocr_par' dir='ltr' id='par_1_18' title="bbox 301 3712 1421 4460">
     <span class='ocr_line' id='line_1_46' title="bbox 367 3712 1416 3776; baseline 0.006 -11"><span class='ocrx_word' id='word_1_337' title='bbox 367 3716 418 3771; x_wconf 94' lang='grc'><strong>9.</strong></span> <span class='ocrx_word' id='word_1_338' title='bbox 451 3713 670 3771; x_wconf 78' lang='lat' dir='ltr'><strong>indicta</strong></span> <span class='ocrx_word' id='word_1_339' title='bbox 704 3729 913 3776; x_wconf 82' lang='lat' dir='ltr'><strong>causa,</strong></span> <span class='ocrx_word' id='word_1_340' title='bbox 961 3713 1106 3769; x_wconf 90' lang='lat' dir='ltr'><strong>ohne</strong></span> <span class='ocrx_word' id='word_1_341' title='bbox 1142 3712 1267 3770; x_wconf 88' lang='lat' dir='ltr'><strong>dass</strong></span> <span class='ocrx_word' id='word_1_342' title='bbox 1303 3714 1416 3771; x_wconf 90' lang='lat' dir='ltr'><strong>ihm</strong></span> 
     </span>
     <span class='ocr_line' id='line_1_47' title="bbox 310 3781 1416 3848; baseline -0.003 -8"><span class='ocrx_word' id='word_1_343' title='bbox 310 3789 578 3848; x_wconf 75' lang='lat' dir='ltr'><strong>gestattet</strong></span> <span class='ocrx_word' id='word_1_344' title='bbox 612 3781 825 3845; x_wconf 84' lang='lat' dir='ltr'><strong>wurde.</strong></span> <span class='ocrx_word' id='word_1_345' title='bbox 862 3781 980 3836; x_wconf 90' lang='lat' dir='ltr'><strong>sich</strong></span> <span class='ocrx_word' id='word_1_346' title='bbox 1019 3796 1086 3834; x_wconf 83' lang='lat' dir='ltr'><strong>zu</strong></span> <span class='ocrx_word' id='word_1_347' title='bbox 1121 3782 1416 3838; x_wconf 81' lang='lat' dir='ltr'><strong>vertheidi·</strong></span> 
     </span>
     <span class='ocr_line' id='line_1_48' title="bbox 306 3846 1417 3916; baseline 0.002 -13"><span class='ocrx_word' id='word_1_348' title='bbox 306 3863 430 3916; x_wconf 79' lang='lat' dir='ltr'><strong>gen,</strong></span> <span class='ocrx_word' id='word_1_349' title='bbox 451 3848 578 3904; x_wconf 85' lang='lat' dir='ltr'><strong>weil</strong></span> <span class='ocrx_word' id='word_1_350' title='bbox 599 3847 687 3905; x_wconf 86' lang='lat' dir='ltr'><strong>die</strong></span> <span class='ocrx_word' id='word_1_351' title='bbox 709 3848 914 3905; x_wconf 88' lang='lat' dir='ltr'><strong>Schuld</strong></span> <span class='ocrx_word' id='word_1_352' title='bbox 936 3846 1208 3905; x_wconf 84' lang='lat' dir='ltr'><strong>erwiesen</strong></span> <span class='ocrx_word' id='word_1_353' title='bbox 1227 3849 1417 3906; x_wconf 88' lang='lat' dir='ltr'><strong>schien</strong></span> 
     </span>
     <span class='ocr_line' id='line_1_49' title="bbox 306 3916 1416 3992; baseline 0.003 -22"><span class='ocrx_word' id='word_1_354' title='bbox 306 3916 645 3986; x_wconf 79' lang='lat' dir='ltr'><strong>(manifesta</strong></span> <span class='ocrx_word' id='word_1_355' title='bbox 690 3932 788 3973; x_wconf 81' lang='lat' dir='ltr'><strong>res</strong></span> <span class='ocrx_word' id='word_1_356' title='bbox 824 3916 1119 3992; x_wconf 72' lang='lat' dir='ltr'><strong>visa),&#39;&#39;—</strong></span> <span class='ocrx_word' id='word_1_357' title='bbox 1180 3932 1322 3973; x_wconf 84' lang='lat' dir='ltr'><strong>novo</strong></span> <span class='ocrx_word' id='word_1_358' title='bbox 1364 3935 1416 3985; x_wconf 71' lang='lat' dir='ltr'><strong>y.</strong></span> 
     </span>
     <span class='ocr_line' id='line_1_50' title="bbox 301 3982 1418 4053; baseline 0.001 -14"><span class='ocrx_word' id='word_1_359' title='bbox 301 3984 415 4047; x_wconf 78' lang='lat' dir='ltr'><strong>leti,</strong></span> <span class='ocrx_word' id='word_1_360' title='bbox 451 3983 601 4040; x_wconf 85' lang='lat' dir='ltr'><strong>diese</strong></span> <span class='ocrx_word' id='word_1_361' title='bbox 637 3982 940 4041; x_wconf 87' lang='lat' dir='ltr'><strong>besonders</strong></span> <span class='ocrx_word' id='word_1_362' title='bbox 974 3983 1257 4053; x_wconf 84' lang='lat' dir='ltr'><strong>qualvolle</strong></span> <span class='ocrx_word' id='word_1_363' title='bbox 1305 3985 1418 4040; x_wconf 90' lang='lat' dir='ltr'><strong>und</strong></span> 
     </span>
     <span class='ocr_line' id='line_1_51' title="bbox 306 4050 1419 4108; baseline 0.001 -1"><span class='ocrx_word' id='word_1_364' title='bbox 306 4050 643 4108; x_wconf 88' lang='lat' dir='ltr'><strong>entehrende</strong></span> <span class='ocrx_word' id='word_1_365' title='bbox 701 4051 1059 4108; x_wconf 78' lang='lat' dir='ltr'><strong>Todesstrafe</strong></span> <span class='ocrx_word' id='word_1_366' title='bbox 1116 4051 1256 4107; x_wconf 86' lang='lat' dir='ltr'><strong>wird</strong></span> <span class='ocrx_word' id='word_1_367' title='bbox 1311 4068 1419 4108; x_wconf 88' lang='lat' dir='ltr'><strong>nur</strong></span> 
     </span>
     <span class='ocr_line' id='line_1_52' title="bbox 306 4119 1418 4184; baseline 0.002 -11"><span class='ocrx_word' id='word_1_368' title='bbox 306 4119 451 4175; x_wconf 88' lang='lat' dir='ltr'><strong>noch</strong></span> <span class='ocrx_word' id='word_1_369' title='bbox 490 4120 743 4176; x_wconf 65' lang='lat' dir='ltr'><strong>erwahnt</strong></span> <span class='ocrx_word' id='word_1_370' title='bbox 775 4122 829 4184; x_wconf 88' lang='grc'><strong>4,</strong></span> <span class='ocrx_word' id='word_1_371' title='bbox 866 4123 948 4183; x_wconf 91' lang='grc'>50,</span> <span class='ocrx_word' id='word_1_372' title='bbox 984 4124 1045 4183; x_wconf 82' lang='grc'><strong>4;</strong></span> <span class='ocrx_word' id='word_1_373' title='bbox 1082 4119 1166 4175; x_wconf 84' lang='lat' dir='ltr'><strong>sie</strong></span> <span class='ocrx_word' id='word_1_374' title='bbox 1200 4135 1320 4175; x_wconf 86' lang='lat' dir='ltr'><strong>war</strong></span> <span class='ocrx_word' id='word_1_375' title='bbox 1344 4120 1418 4175; x_wconf 85' lang='lat' dir='ltr'><strong>im</strong></span> 
     </span>
     <span class='ocr_line' id='line_1_53' title="bbox 312 4185 1417 4249; baseline -0.001 -8"><span class='ocrx_word' id='word_1_376' title='bbox 312 4185 598 4243; x_wconf 86' lang='lat' dir='ltr'><strong>Gebrauch</strong></span> <span class='ocrx_word' id='word_1_377' title='bbox 643 4187 735 4243; x_wconf 88' lang='lat' dir='ltr'><strong>hei</strong></span> <span class='ocrx_word' id='word_1_378' title='bbox 782 4188 885 4242; x_wconf 87' lang='lat' dir='ltr'><strong>den</strong></span> <span class='ocrx_word' id='word_1_379' title='bbox 925 4187 1256 4249; x_wconf 87' lang='lat' dir='ltr'><strong>Germanen‚</strong></span> <span class='ocrx_word' id='word_1_380' title='bbox 1294 4186 1417 4243; x_wconf 80' lang='lat' dir='ltr'><strong>Tac.</strong></span> 
     </span>
     <span class='ocr_line' id='line_1_54' title="bbox 310 4253 1421 4316; baseline 0 -7"><span class='ocrx_word' id='word_1_381' title='bbox 310 4253 488 4309; x_wconf 87' lang='lat' dir='ltr'><strong>Germ.</strong></span> <span class='ocrx_word' id='word_1_382' title='bbox 529 4258 591 4306; x_wconf 91' lang='grc'><strong>12</strong></span> <span class='ocrx_word' id='word_1_383' title='bbox 650 4256 673 4309; x_wconf 85' lang='lat' dir='ltr'><strong>i</strong></span> <span class='ocrx_word' id='word_1_384' title='bbox 709 4270 888 4311; x_wconf 81' lang='lat' dir='ltr'><strong>navos</strong></span> <span class='ocrx_word' id='word_1_385' title='bbox 916 4261 1002 4316; x_wconf 73' lang='lat' dir='ltr'><strong>,et</strong></span> <span class='ocrx_word' id='word_1_386' title='bbox 1057 4254 1307 4311; x_wconf 81' lang='lat' dir='ltr'><strong>imbelles</strong></span> <span class='ocrx_word' id='word_1_387' title='bbox 1365 4260 1421 4311; x_wconf 80' lang='lat' dir='ltr'><strong>ei</strong></span> 
     </span>
     <span class='ocr_line' id='line_1_55' title="bbox 308 4273 1419 4391; baseline 0.002 -14"><span class='ocrx_word' id='word_1_388' title='bbox 308 4336 551 4390; x_wconf 78' lang='lat' dir='ltr'><strong>corpore</strong></span> <span class='ocrx_word' id='word_1_389' title='bbox 587 4273 838 4391; x_wconf 48' lang='lat' dir='ltr'><strong>infames</strong></span> <span class='ocrx_word' id='word_1_390' title='bbox 885 4338 1060 4379; x_wconf 80' lang='lat' dir='ltr'><strong>coeno</strong></span> <span class='ocrx_word' id='word_1_391' title='bbox 1106 4339 1176 4380; x_wconf 82' lang='lat' dir='ltr'><strong>ac</strong></span> <span class='ocrx_word' id='word_1_392' title='bbox 1206 4323 1419 4390; x_wconf 79' lang='lat' dir='ltr'><strong>palude</strong></span> 
     </span>
     <span class='ocr_line' id='line_1_56' title="bbox 304 4390 1421 4460; baseline 0.004 -17"><span class='ocrx_word' id='word_1_393' title='bbox 304 4391 514 4446; x_wconf 79' lang='lat' dir='ltr'><strong>iniecta</strong></span> <span class='ocrx_word' id='word_1_394' title='bbox 539 4393 782 4457; x_wconf 72' lang='lat' dir='ltr'><strong>insuper</strong></span> <span class='ocrx_word' id='word_1_395' title='bbox 804 4395 964 4447; x_wconf 77' lang='lat' dir='ltr'><strong>crate</strong></span> <span class='ocrx_word' id='word_1_396' title='bbox 988 4396 1269 4460; x_wconf 69' lang='lat' dir='ltr'><strong>mer-qum,</strong></span> <span class='ocrx_word' id='word_1_397' title='bbox 1307 4390 1421 4448; x_wconf 86' lang='lat' dir='ltr'><strong>und</strong></span> 
     </span>
    </p>
   </div>
   <div class='ocr_carea' id='block_1_13' title="bbox 1514 2361 2691 4448">
    <p class='ocr_par' dir='ltr' id='par_1_19' title="bbox 1514 2361 2637 3988">
     <span class='ocr_line' id='line_1_57' title="bbox 1514 2361 2633 2428; baseline -0.011 -9"><span class='ocrx_word' id='word_1_398' title='bbox 1514 2363 1772 2426; x_wconf 83' lang='lat' dir='ltr'><strong>Puniern.</strong></span> <span class='ocrx_word' id='word_1_399' title='bbox 1784 2362 1964 2419; x_wconf 85' lang='lat' dir='ltr'><strong>Plaut.</strong></span> <span class='ocrx_word' id='word_1_400' title='bbox 1979 2361 2141 2418; x_wconf 85' lang='lat' dir='ltr'><strong>Poen.</strong></span> <span class='ocrx_word' id='word_1_401' title='bbox 2152 2367 2201 2426; x_wconf 83' lang='lat'><strong>5,</strong></span> <span class='ocrx_word' id='word_1_402' title='bbox 2213 2366 2265 2428; x_wconf 89' lang='grc'><strong>2,</strong></span> <span class='ocrx_word' id='word_1_403' title='bbox 2278 2365 2362 2415; x_wconf 84' lang='grc'><strong>65.</strong></span> <span class='ocrx_word' id='word_1_404' title='bbox 2376 2390 2444 2401; x_wconf 89' lang='grc'><strong>-</strong></span> <span class='ocrx_word' id='word_1_405' title='bbox 2469 2363 2548 2418; x_wconf 77' lang='grc' dir='ltr'><strong>αα</strong></span> <span class='ocrx_word' id='word_1_406' title='bbox 2564 2385 2633 2407; x_wconf 73' lang='grc'><strong>.-</strong></span> 
     </span>
     <span class='ocr_line' id='line_1_58' title="bbox 1516 2431 2628 2502; baseline 0.003 -17"><span class='ocrx_word' id='word_1_407' title='bbox 1516 2434 1578 2488; x_wconf 79' lang='lat' dir='ltr'><strong>in</strong></span> <span class='ocrx_word' id='word_1_408' title='bbox 1612 2436 1697 2496; x_wconf 86' lang='grc'><strong>22,</strong></span> <span class='ocrx_word' id='word_1_409' title='bbox 1739 2436 1820 2494; x_wconf 88' lang='grc'>19,</span> <span class='ocrx_word' id='word_1_410' title='bbox 1854 2436 1890 2484; x_wconf 83' lang='lat'>4</span> <span class='ocrx_word' id='word_1_411' title='bbox 1925 2448 1981 2488; x_wconf 89' lang='lat' dir='ltr'><strong>u.</strong></span> <span class='ocrx_word' id='word_1_412' title='bbox 2001 2433 2056 2502; x_wconf 66' lang='grc' dir='ltr'><strong>ᾖ.</strong></span> <span class='ocrx_word' id='word_1_413' title='bbox 2090 2458 2158 2469; x_wconf 89' lang='grc'>-</span> <span class='ocrx_word' id='word_1_414' title='bbox 2193 2435 2367 2499; x_wconf 72' lang='lat' dir='ltr'><strong>caput</strong></span> <span class='ocrx_word' id='word_1_415' title='bbox 2394 2473 2405 2486; x_wconf 93' lang='lat'><strong>.</strong></span> <span class='ocrx_word' id='word_1_416' title='bbox 2434 2473 2448 2488; x_wconf 89' lang='lat'><strong>.</strong></span> <span class='ocrx_word' id='word_1_417' title='bbox 2472 2431 2628 2494; x_wconf 65' lang='lat' dir='ltr'><strong>Fer„</strong></span> 
     </span>
     <span class='ocr_line' id='line_1_59' title="bbox 1517 2499 2633 2567; baseline 0 -11"><span class='ocrx_word' id='word_1_418' title='bbox 1517 2518 1564 2556; x_wconf 90' lang='lat' dir='ltr'><strong>s.</strong></span> <span class='ocrx_word' id='word_1_419' title='bbox 1602 2515 1670 2555; x_wconf 89' lang='lat' dir='ltr'><strong>zu</strong></span> <span class='ocrx_word' id='word_1_420' title='bbox 1706 2515 1752 2556; x_wconf 90' lang='lat' dir='ltr'><strong>c.</strong></span> <span class='ocrx_word' id='word_1_421' title='bbox 1788 2503 1882 2562; x_wconf 88' lang='grc'>50,</span> <span class='ocrx_word' id='word_1_422' title='bbox 1933 2506 1979 2551; x_wconf 92' lang='grc'><strong>1.</strong></span> <span class='ocrx_word' id='word_1_423' title='bbox 2060 2504 2233 2567; x_wconf 78' lang='lat' dir='ltr'><strong>capul</strong></span> <span class='ocrx_word' id='word_1_424' title='bbox 2277 2499 2334 2555; x_wconf 92' lang='lat' dir='ltr'><strong>in</strong></span> <span class='ocrx_word' id='word_1_425' title='bbox 2371 2499 2470 2554; x_wconf 88' lang='lat' dir='ltr'><strong>der</strong></span> <span class='ocrx_word' id='word_1_426' title='bbox 2502 2499 2633 2556; x_wconf 90' lang='lat' dir='ltr'><strong>Bed.</strong></span> 
     </span>
     <span class='ocr_line' id='line_1_60' title="bbox 1520 2555 2630 2635; baseline 0 -12"><span class='ocrx_word' id='word_1_427' title='bbox 1520 2565 1780 2635; x_wconf 76' lang='lat' dir='ltr'><strong>‘Quelle’</strong></span> <span class='ocrx_word' id='word_1_428' title='bbox 1851 2565 2100 2633; x_wconf 80' lang='lat' dir='ltr'><strong>(cigentl.</strong></span> <span class='ocrx_word' id='word_1_429' title='bbox 2167 2567 2287 2623; x_wconf 78' lang='lat' dir='ltr'><strong>‘das</strong></span> <span class='ocrx_word' id='word_1_430' title='bbox 2360 2555 2630 2629; x_wconf 79' lang='lat' dir='ltr'><strong>Oberste’‚</strong></span> 
     </span>
     <span class='ocr_line' id='line_1_61' title="bbox 1516 2633 2627 2701; baseline -0.004 -10"><span class='ocrx_word' id='word_1_431' title='bbox 1516 2634 1636 2691; x_wconf 84' lang='lat' dir='ltr'><strong>also</strong></span> <span class='ocrx_word' id='word_1_432' title='bbox 1663 2633 1879 2701; x_wconf 77' lang='lat' dir='ltr'><strong>Aniang</strong></span> <span class='ocrx_word' id='word_1_433' title='bbox 1917 2633 2005 2691; x_wconf 87' lang='lat' dir='ltr'><strong>od.</strong></span> <span class='ocrx_word' id='word_1_434' title='bbox 2029 2634 2221 2699; x_wconf 85' lang='lat' dir='ltr'><strong>Ende),</strong></span> <span class='ocrx_word' id='word_1_435' title='bbox 2257 2635 2397 2691; x_wconf 85' lang='lat' dir='ltr'><strong>auch</strong></span> <span class='ocrx_word' id='word_1_436' title='bbox 2423 2638 2508 2696; x_wconf 81' lang='grc'>37,</span> <span class='ocrx_word' id='word_1_437' title='bbox 2547 2637 2627 2695; x_wconf 88' lang='grc'>18,</span> 
     </span>
     <span class='ocr_line' id='line_1_62' title="bbox 1516 2699 2630 2766; baseline 0 -12"><span class='ocrx_word' id='word_1_438' title='bbox 1516 2706 1577 2766; x_wconf 76' lang='lat'><strong>63</strong></span> <span class='ocrx_word' id='word_1_439' title='bbox 1635 2702 1726 2766; x_wconf 79' lang='lat'><strong>3⁷,</strong></span> <span class='ocrx_word' id='word_1_440' title='bbox 1770 2706 1822 2755; x_wconf 82' lang='grc'><strong>3.</strong></span> <span class='ocrx_word' id='word_1_441' title='bbox 1902 2699 1964 2756; x_wconf 90' lang='lat' dir='ltr'><strong>In</strong></span> <span class='ocrx_word' id='word_1_442' title='bbox 2009 2701 2109 2757; x_wconf 90' lang='lat' dir='ltr'><strong>der</strong></span> <span class='ocrx_word' id='word_1_443' title='bbox 2142 2700 2312 2759; x_wconf 89' lang='lat' dir='ltr'><strong>Stelle</strong></span> <span class='ocrx_word' id='word_1_444' title='bbox 2347 2707 2442 2763; x_wconf 84' lang='lat'><strong>33,</strong></span> <span class='ocrx_word' id='word_1_445' title='bbox 2477 2705 2561 2764; x_wconf 89' lang='grc'>41,</span> <span class='ocrx_word' id='word_1_446' title='bbox 2599 2705 2630 2754; x_wconf 84' lang='grc'><strong>’1</strong></span> 
     </span>
     <span class='ocr_line' id='line_1_63' title="bbox 1516 2768 2630 2837; baseline -0.003 -12"><span class='ocrx_word' id='word_1_447' title='bbox 1516 2771 1733 2836; x_wconf 80' lang='lat' dir='ltr'><strong>capita.</strong></span> <span class='ocrx_word' id='word_1_448' title='bbox 1780 2768 2174 2837; x_wconf 76' lang='lat' dir='ltr'><strong>‘Mundungen’</strong></span> <span class='ocrx_word' id='word_1_449' title='bbox 2221 2768 2354 2836; x_wconf 82' lang='lat' dir='ltr'><strong>(vgl.</strong></span> <span class='ocrx_word' id='word_1_450' title='bbox 2391 2768 2540 2826; x_wconf 86' lang='lat' dir='ltr'><strong>Caes.</strong></span> <span class='ocrx_word' id='word_1_451' title='bbox 2575 2768 2630 2825; x_wconf 81' lang='lat' dir='ltr'><strong>h.</strong></span> 
     </span>
     <span class='ocr_line' id='line_1_64' title="bbox 1517 2839 2632 2986; baseline 0.001 -29"><span class='ocrx_word' id='word_1_452' title='bbox 1517 2840 1783 2959; x_wconf 40' lang='grc' dir='ltr'><strong>ΒΡ’54210ιῖ</strong></span> <span class='ocrx_word' id='word_1_453' title='bbox 1807 2839 1931 2971; x_wconf 53' lang='lat' dir='ltr'><strong>¹yid,</strong></span> <span class='ocrx_word' id='word_1_454' title='bbox 1970 2903 2172 2986; x_wconf 76' lang='lat' dir='ltr'><strong>causal.</strong></span> <span class='ocrx_word' id='word_1_455' title='bbox 2203 2932 2275 2985; x_wconf 45' lang='lat'><strong>·—</strong></span> <span class='ocrx_word' id='word_1_456' title='bbox 2313 2908 2632 2967; x_wconf 78' lang='lat' dir='ltr'><strong>novantem,</strong></span> 
     </span>
     <span class='ocr_line' id='line_1_65' title="bbox 1519 2969 2633 3040; baseline 0 -15"><span class='ocrx_word' id='word_1_457' title='bbox 1519 2972 1777 3027; x_wconf 75' lang='lat' dir='ltr'><strong>conatus.</strong></span> <span class='ocrx_word' id='word_1_458' title='bbox 1817 2998 1884 3009; x_wconf 89' lang='lat'>—</span> <span class='ocrx_word' id='word_1_459' title='bbox 1927 2971 2309 3040; x_wconf 71' lang='lat' dir='ltr'><strong>parricidium</strong></span> <span class='ocrx_word' id='word_1_460' title='bbox 2352 2969 2493 3026; x_wconf 86' lang='lat' dir='ltr'><strong>wird</strong></span> <span class='ocrx_word' id='word_1_461' title='bbox 2536 2969 2633 3026; x_wconf 90' lang='lat' dir='ltr'><strong>das</strong></span> 
     </span>
     <span class='ocr_line' id='line_1_66' title="bbox 1520 3037 2629 3106; baseline -0.002 -12"><span class='ocrx_word' id='word_1_462' title='bbox 1520 3037 1886 3106; x_wconf 82' lang='lat' dir='ltr'><strong>(angebliche)</strong></span> <span class='ocrx_word' id='word_1_463' title='bbox 1948 3038 2295 3094; x_wconf 84' lang='lat' dir='ltr'><strong>Verbrechen</strong></span> <span class='ocrx_word' id='word_1_464' title='bbox 2359 3047 2629 3104; x_wconf 81' lang='lat' dir='ltr'><strong>genannt,</strong></span> 
     </span>
     <span class='ocr_line' id='line_1_67' title="bbox 1521 3103 2632 3163; baseline -0.002 -2"><span class='ocrx_word' id='word_1_465' title='bbox 1521 3106 1806 3162; x_wconf 86' lang='lat' dir='ltr'><strong>entweder</strong></span> <span class='ocrx_word' id='word_1_466' title='bbox 1852 3107 1981 3163; x_wconf 85' lang='lat' dir='ltr'><strong>weil</strong></span> <span class='ocrx_word' id='word_1_467' title='bbox 2016 3106 2074 3162; x_wconf 85' lang='grc' dir='ltr'><strong>Τ.</strong></span> <span class='ocrx_word' id='word_1_468' title='bbox 2110 3121 2234 3160; x_wconf 79' lang='lat' dir='ltr'><strong>zum</strong></span> <span class='ocrx_word' id='word_1_469' title='bbox 2268 3103 2500 3160; x_wconf 83' lang='lat' dir='ltr'><strong>Zwecke</strong></span> <span class='ocrx_word' id='word_1_470' title='bbox 2534 3104 2632 3160; x_wconf 87' lang='lat' dir='ltr'><strong>des</strong></span> 
     </span>
     <span class='ocr_line' id='line_1_68' title="bbox 1521 3171 2633 3241; baseline -0.001 -14"><span class='ocrx_word' id='word_1_471' title='bbox 1521 3171 2199 3241; x_wconf 76' lang='lat' dir='ltr'><strong>versassungsumsturzes</strong></span> <span class='ocrx_word' id='word_1_472' title='bbox 2281 3171 2428 3239; x_wconf 86' lang='lat' dir='ltr'><strong>(dies</strong></span> <span class='ocrx_word' id='word_1_473' title='bbox 2499 3171 2633 3234; x_wconf 79' lang='lat' dir='ltr'><strong>Ver·</strong></span> 
     </span>
     <span class='ocr_line' id='line_1_69' title="bbox 1519 3239 2635 3308; baseline -0.001 -12"><span class='ocrx_word' id='word_1_474' title='bbox 1519 3240 1760 3297; x_wconf 84' lang='lat' dir='ltr'><strong>brechen</strong></span> <span class='ocrx_word' id='word_1_475' title='bbox 1795 3241 1991 3297; x_wconf 77' lang='lat' dir='ltr'><strong>wurde</strong></span> <span class='ocrx_word' id='word_1_476' title='bbox 2024 3239 2343 3308; x_wconf 79' lang='lat' dir='ltr'><strong>perduellio</strong></span> <span class='ocrx_word' id='word_1_477' title='bbox 2379 3239 2526 3301; x_wconf 86' lang='lat' dir='ltr'><strong>sein.</strong></span> <span class='ocrx_word' id='word_1_478' title='bbox 2587 3256 2635 3296; x_wconf 84' lang='lat'><strong>8.</strong></span> 
     </span>
     <span class='ocr_line' id='line_1_70' title="bbox 1520 3305 2634 3376; baseline -0.001 -14"><span class='ocrx_word' id='word_1_479' title='bbox 1520 3324 1589 3363; x_wconf 86' lang='lat' dir='ltr'><strong>zu</strong></span> <span class='ocrx_word' id='word_1_480' title='bbox 1626 3323 1673 3363; x_wconf 86' lang='lat' dir='ltr'><strong>c.</strong></span> <span class='ocrx_word' id='word_1_481' title='bbox 1711 3311 1793 3373; x_wconf 85' lang='grc'><strong>26,</strong></span> <span class='ocrx_word' id='word_1_482' title='bbox 1830 3312 1884 3373; x_wconf 89' lang='lat'><strong>5)</strong></span> <span class='ocrx_word' id='word_1_483' title='bbox 1931 3309 2019 3365; x_wconf 85' lang='lat' dir='ltr'><strong>die</strong></span> <span class='ocrx_word' id='word_1_484' title='bbox 2057 3306 2300 3376; x_wconf 73' lang='lat' dir='ltr'><strong>Haupter</strong></span> <span class='ocrx_word' id='word_1_485' title='bbox 2343 3306 2444 3363; x_wconf 88' lang='lat' dir='ltr'><strong>der</strong></span> <span class='ocrx_word' id='word_1_486' title='bbox 2477 3305 2634 3362; x_wconf 84' lang='lat' dir='ltr'><strong>Staa-</strong></span> 
     </span>
     <span class='ocr_line' id='line_1_71' title="bbox 1519 3374 2635 3441; baseline -0.003 -9"><span class='ocrx_word' id='word_1_487' title='bbox 1519 3384 1616 3432; x_wconf 87' lang='lat' dir='ltr'><strong>ten</strong></span> <span class='ocrx_word' id='word_1_488' title='bbox 1651 3376 1879 3433; x_wconf 85' lang='lat' dir='ltr'><strong>morden</strong></span> <span class='ocrx_word' id='word_1_489' title='bbox 1915 3374 2140 3437; x_wconf 85' lang='lat' dir='ltr'><strong>wollte;</strong></span> <span class='ocrx_word' id='word_1_490' title='bbox 2189 3376 2325 3431; x_wconf 87' lang='lat' dir='ltr'><strong>oder</strong></span> <span class='ocrx_word' id='word_1_491' title='bbox 2372 3374 2461 3430; x_wconf 87' lang='lat' dir='ltr'><strong>die</strong></span> <span class='ocrx_word' id='word_1_492' title='bbox 2502 3389 2635 3441; x_wconf 78' lang='lat' dir='ltr'><strong>per·</strong></span> 
     </span>
     <span class='ocr_line' id='line_1_72' title="bbox 1522 3440 2632 3500; baseline -0.003 0"><span class='ocrx_word' id='word_1_493' title='bbox 1522 3440 1733 3500; x_wconf 79' lang='lat' dir='ltr'><strong>duellio</strong></span> <span class='ocrx_word' id='word_1_494' title='bbox 1768 3444 1912 3500; x_wconf 86' lang='lat' dir='ltr'><strong>wird</strong></span> <span class='ocrx_word' id='word_1_495' title='bbox 1948 3442 2261 3499; x_wconf 87' lang='lat' dir='ltr'><strong>rhetorisch</strong></span> <span class='ocrx_word' id='word_1_496' title='bbox 2291 3459 2356 3498; x_wconf 88' lang='lat' dir='ltr'><strong>so</strong></span> <span class='ocrx_word' id='word_1_497' title='bbox 2385 3441 2632 3498; x_wconf 85' lang='lat' dir='ltr'><strong>bezeich-</strong></span> 
     </span>
     <span class='ocr_line' id='line_1_73' title="bbox 1524 3508 2633 3576; baseline -0.001 -9"><span class='ocrx_word' id='word_1_498' title='bbox 1524 3519 1636 3576; x_wconf 85' lang='lat' dir='ltr'><strong>net‚</strong></span> <span class='ocrx_word' id='word_1_499' title='bbox 1675 3511 1825 3575; x_wconf 86' lang='lat' dir='ltr'><strong>weil,</strong></span> <span class='ocrx_word' id='word_1_500' title='bbox 1862 3510 2001 3567; x_wconf 87' lang='lat' dir='ltr'><strong>nach</strong></span> <span class='ocrx_word' id='word_1_501' title='bbox 2027 3509 2136 3567; x_wconf 86' lang='lat' dir='ltr'><strong>Cic.</strong></span> <span class='ocrx_word' id='word_1_502' title='bbox 2157 3511 2270 3566; x_wconf 80' lang='lat' dir='ltr'><strong>Att.</strong></span> <span class='ocrx_word' id='word_1_503' title='bbox 2297 3514 2349 3571; x_wconf 98' lang='grc'><strong>9,</strong></span> <span class='ocrx_word' id='word_1_504' title='bbox 2377 3514 2426 3575; x_wconf 92' lang='grc'><strong>9,</strong></span> <span class='ocrx_word' id='word_1_505' title='bbox 2451 3514 2502 3572; x_wconf 88' lang='grc'><strong>2,</strong></span> <span class='ocrx_word' id='word_1_506' title='bbox 2538 3508 2633 3566; x_wconf 88' lang='lat' dir='ltr'><strong>das</strong></span> 
     </span>
     <span class='ocr_line' id='line_1_74' title="bbox 1527 3577 2637 3646; baseline 0 -14"><span class='ocrx_word' id='word_1_507' title='bbox 1527 3577 1818 3635; x_wconf 84' lang='lat' dir='ltr'><strong>Vaterland</strong></span> <span class='ocrx_word' id='word_1_508' title='bbox 1854 3579 1942 3636; x_wconf 87' lang='lat' dir='ltr'><strong>die</strong></span> <span class='ocrx_word' id='word_1_509' title='bbox 1976 3580 2376 3646; x_wconf 75' lang='lat' dir='ltr'><strong>antiquissima</strong></span> <span class='ocrx_word' id='word_1_510' title='bbox 2409 3583 2468 3633; x_wconf 81' lang='lat' dir='ltr'><strong>et</strong></span> <span class='ocrx_word' id='word_1_511' title='bbox 2500 3592 2637 3633; x_wconf 81' lang='lat' dir='ltr'><strong>san·</strong></span> 
     </span>
     <span class='ocr_line' id='line_1_75' title="bbox 1522 3644 2636 3715; baseline -0.005 -11"><span class='ocrx_word' id='word_1_512' title='bbox 1522 3648 1778 3704; x_wconf 74' lang='lat' dir='ltr'><strong>ctissime</strong></span> <span class='ocrx_word' id='word_1_513' title='bbox 1810 3662 2031 3715; x_wconf 79' lang='lat' dir='ltr'><strong>parens</strong></span> <span class='ocrx_word' id='word_1_514' title='bbox 2066 3646 2139 3701; x_wconf 86' lang='lat' dir='ltr'><strong>ist</strong></span> <span class='ocrx_word' id='word_1_515' title='bbox 2176 3644 2241 3711; x_wconf 89' lang='lat'><strong>(.,</strong></span> <span class='ocrx_word' id='word_1_516' title='bbox 2251 3645 2636 3713; x_wconf 80' lang='lat' dir='ltr'><strong>parricidium</strong></span> 
     </span>
     <span class='ocr_line' id='line_1_76' title="bbox 1519 3711 2636 3783; baseline -0.01 -10"><span class='ocrx_word' id='word_1_517' title='bbox 1519 3715 1806 3783; x_wconf 78' lang='lat' dir='ltr'><strong>patriae“‚</strong></span> <span class='ocrx_word' id='word_1_518' title='bbox 1833 3712 1972 3771; x_wconf 90' lang='lat' dir='ltr'><strong>Phil.</strong></span> <span class='ocrx_word' id='word_1_519' title='bbox 1996 3718 2047 3779; x_wconf 87' lang='grc'>2,</span> <span class='ocrx_word' id='word_1_520' title='bbox 2076 3717 2123 3776; x_wconf 86' lang='grc'>7,</span> <span class='ocrx_word' id='word_1_521' title='bbox 2151 3717 2231 3765; x_wconf 81' lang='grc'><strong>17.</strong></span> <span class='ocrx_word' id='word_1_522' title='bbox 2259 3730 2313 3781; x_wconf 73' lang='grc' dir='ltr'><strong>ρ.</strong></span> <span class='ocrx_word' id='word_1_523' title='bbox 2332 3711 2467 3769; x_wconf 85' lang='lat' dir='ltr'><strong>Suu.</strong></span> <span class='ocrx_word' id='word_1_524' title='bbox 2490 3715 2538 3773; x_wconf 93' lang='grc'><strong>2,</strong></span> <span class='ocrx_word' id='word_1_525' title='bbox 2563 3715 2636 3778; x_wconf 83' lang='grc'>6),</span> 
     </span>
     <span class='ocr_line' id='line_1_77' title="bbox 1522 3780 2635 3847; baseline -0.002 -9"><span class='ocrx_word' id='word_1_526' title='bbox 1522 3783 1600 3838; x_wconf 88' lang='lat' dir='ltr'><strong>So</strong></span> <span class='ocrx_word' id='word_1_527' title='bbox 1620 3780 1760 3836; x_wconf 85' lang='lat' dir='ltr'><strong>wird</strong></span> <span class='ocrx_word' id='word_1_528' title='bbox 1784 3783 1874 3837; x_wconf 87' lang='lat' dir='ltr'><strong>bei</strong></span> <span class='ocrx_word' id='word_1_529' title='bbox 1890 3780 1950 3835; x_wconf 90' lang='lat' dir='ltr'><strong>L.</strong></span> <span class='ocrx_word' id='word_1_530' title='bbox 1985 3785 2069 3844; x_wconf 89' lang='grc'><strong>28,</strong></span> <span class='ocrx_word' id='word_1_531' title='bbox 2107 3784 2191 3841; x_wconf 91' lang='grc'><strong>29,</strong></span> <span class='ocrx_word' id='word_1_532' title='bbox 2231 3787 2258 3832; x_wconf 92' lang='grc'><strong>1</strong></span> <span class='ocrx_word' id='word_1_533' title='bbox 2297 3796 2421 3837; x_wconf 85' lang='lat' dir='ltr'><strong>vom</strong></span> <span class='ocrx_word' id='word_1_534' title='bbox 2450 3780 2635 3847; x_wconf 74' lang='lat' dir='ltr'><strong>publi-</strong></span> 
     </span>
     <span class='ocr_line' id='line_1_78' title="bbox 1522 3847 2636 3916; baseline -0.003 -9"><span class='ocrx_word' id='word_1_535' title='bbox 1522 3866 1651 3907; x_wconf 79' lang='lat' dir='ltr'><strong>cum</strong></span> <span class='ocrx_word' id='word_1_536' title='bbox 1681 3849 2066 3916; x_wconf 79' lang='lat' dir='ltr'><strong>parricidium</strong></span> <span class='ocrx_word' id='word_1_537' title='bbox 2111 3848 2208 3903; x_wconf 88' lang='lat' dir='ltr'><strong>des</strong></span> <span class='ocrx_word' id='word_1_538' title='bbox 2246 3847 2500 3903; x_wconf 86' lang='lat' dir='ltr'><strong>Coriolan</strong></span> <span class='ocrx_word' id='word_1_539' title='bbox 2539 3863 2636 3915; x_wconf 85' lang='lat' dir='ltr'><strong>ge·</strong></span> 
     </span>
     <span class='ocr_line' id='line_1_79' title="bbox 1522 3919 1816 3988; baseline -0.014 -13"><span class='ocrx_word' id='word_1_540' title='bbox 1522 3919 1816 3988; x_wconf 84' lang='lat' dir='ltr'><strong>sprochen.</strong></span> 
     </span>
    </p>

    <p class='ocr_par' dir='ltr' id='par_1_20' title="bbox 1522 3982 2691 4448">
     <span class='ocr_line' id='line_1_80' title="bbox 1590 3982 2637 4052; baseline -0.005 -14"><span class='ocrx_word' id='word_1_541' title='bbox 1590 3991 1639 4038; x_wconf 91' lang='grc'><strong>2.</strong></span> <span class='ocrx_word' id='word_1_542' title='bbox 1697 3986 1828 4040; x_wconf 81' lang='lat' dir='ltr'><strong>iure</strong></span> <span class='ocrx_word' id='word_1_543' title='bbox 1873 3999 2072 4052; x_wconf 61' lang='lat' dir='ltr'><strong>affere,</strong></span> <span class='ocrx_word' id='word_1_544' title='bbox 2118 3982 2226 4050; x_wconf 84' lang='lat' dir='ltr'><strong>vgl.</strong></span> <span class='ocrx_word' id='word_1_545' title='bbox 2266 3999 2310 4037; x_wconf 91' lang='lat' dir='ltr'><strong>c.</strong></span> <span class='ocrx_word' id='word_1_546' title='bbox 2350 3986 2438 4045; x_wconf 89' lang='grc'>14,</span> <span class='ocrx_word' id='word_1_547' title='bbox 2489 3987 2534 4034; x_wconf 92' lang='grc'><strong>1.</strong></span> <span class='ocrx_word' id='word_1_548' title='bbox 2574 4012 2637 4023; x_wconf 90' lang='lat'><em>-</em></span> 
     </span>
     <span class='ocr_line' id='line_1_81' title="bbox 1523 4051 2634 4131; baseline -0.004 -22"><span class='ocrx_word' id='word_1_549' title='bbox 1523 4054 1757 4109; x_wconf 81' lang='lat' dir='ltr'><strong>oriundi</strong></span> <span class='ocrx_word' id='word_1_550' title='bbox 1787 4052 1879 4114; x_wconf 66' lang='lat' dir='ltr'><strong>nb,</strong></span> <span class='ocrx_word' id='word_1_551' title='bbox 1915 4069 1961 4107; x_wconf 92' lang='lat' dir='ltr'><strong>s.</strong></span> <span class='ocrx_word' id='word_1_552' title='bbox 1998 4068 2065 4107; x_wconf 89' lang='lat' dir='ltr'><strong>zu</strong></span> <span class='ocrx_word' id='word_1_553' title='bbox 2103 4067 2149 4107; x_wconf 89' lang='lat' dir='ltr'><strong>c.</strong></span> <span class='ocrx_word' id='word_1_554' title='bbox 2184 4054 2268 4116; x_wconf 87' lang='grc'><strong>49,</strong></span> <span class='ocrx_word' id='word_1_555' title='bbox 2304 4054 2353 4106; x_wconf 94' lang='grc'><strong>9.</strong></span> <span class='ocrx_word' id='word_1_556' title='bbox 2408 4051 2634 4131; x_wconf 83' lang='lat' dir='ltr'><strong>Tarqui-</strong></span> 
     </span>
     <span class='ocr_line' id='line_1_82' title="bbox 1524 4118 2691 4187; baseline -0.005 -11"><span class='ocrx_word' id='word_1_557' title='bbox 1524 4121 1648 4177; x_wconf 89' lang='lat' dir='ltr'><strong>nius</strong></span> <span class='ocrx_word' id='word_1_558' title='bbox 1686 4118 1856 4181; x_wconf 84' lang='lat' dir='ltr'><strong>stellt,</strong></span> <span class='ocrx_word' id='word_1_559' title='bbox 1895 4119 1968 4173; x_wconf 83' lang='lat' dir='ltr'><strong>im</strong></span> <span class='ocrx_word' id='word_1_560' title='bbox 1997 4118 2432 4187; x_wconf 80' lang='lat' dir='ltr'><strong>Widerspruche</strong></span> <span class='ocrx_word' id='word_1_561' title='bbox 2467 4127 2566 4174; x_wconf 75' lang='lat' dir='ltr'><strong>mit</strong></span> <span class='ocrx_word' id='word_1_562' title='bbox 2590 4135 2633 4175; x_wconf 93' lang='lat' dir='ltr'><strong>c.</strong></span> <span class='ocrx_word' id='word_1_563' title='bbox 2682 4135 2691 4142; x_wconf 94' lang='lat'><strong>·</strong></span> 
     </span>
     <span class='ocr_line' id='line_1_83' title="bbox 1522 4185 2635 4256; baseline -0.001 -14"><span class='ocrx_word' id='word_1_564' title='bbox 1522 4193 1584 4256; x_wconf 81' lang='lat'><strong>3,</strong></span> <span class='ocrx_word' id='word_1_565' title='bbox 1631 4193 1688 4253; x_wconf 82' lang='lat'><strong>7,</strong></span> <span class='ocrx_word' id='word_1_566' title='bbox 1748 4204 1842 4244; x_wconf 89' lang='lat' dir='ltr'><strong>wo</strong></span> <span class='ocrx_word' id='word_1_567' title='bbox 1890 4204 1949 4243; x_wconf 90' lang='lat' dir='ltr'><strong>es</strong></span> <span class='ocrx_word' id='word_1_568' title='bbox 1994 4185 2169 4242; x_wconf 73' lang='lat' dir='ltr'><strong>lneisst</strong></span> <span class='ocrx_word' id='word_1_569' title='bbox 2212 4202 2321 4243; x_wconf 86' lang='lat' dir='ltr'><strong>von</strong></span> <span class='ocrx_word' id='word_1_570' title='bbox 2356 4185 2491 4241; x_wconf 84' lang='lat' dir='ltr'><strong>Alba</strong></span> <span class='ocrx_word' id='word_1_571' title='bbox 2538 4202 2635 4241; x_wconf 89' lang='lat' dir='ltr'><strong>aus</strong></span> 
     </span>
     <span class='ocr_line' id='line_1_84' title="bbox 1523 4252 2641 4323; baseline -0.004 -11"><span class='ocrx_word' id='word_1_572' title='bbox 1523 4256 1674 4313; x_wconf 82' lang='lat' dir='ltr'><strong>scien</strong></span> <span class='ocrx_word' id='word_1_573' title='bbox 1710 4255 1992 4323; x_wconf 81' lang='lat' dir='ltr'><strong>aliquot</strong></span> <span class='ocrx_word' id='word_1_574' title='bbox 2035 4254 2291 4310; x_wconf 78' lang='lat' dir='ltr'><strong>coloniae</strong></span> <span class='ocrx_word' id='word_1_575' title='bbox 2327 4252 2641 4320; x_wconf 78' lang='lat' dir='ltr'><strong>gegrfindet</strong></span> 
     </span>
     <span class='ocr_line' id='line_1_85' title="bbox 1523 4320 2637 4401; baseline -0.008 -15"><span class='ocrx_word' id='word_1_576' title='bbox 1523 4323 1780 4387; x_wconf 81' lang='lat' dir='ltr'><strong>(..Prisci</strong></span> <span class='ocrx_word' id='word_1_577' title='bbox 1798 4320 2070 4391; x_wconf 82' lang='lat' dir='ltr'><strong>Latini“),</strong></span> <span class='ocrx_word' id='word_1_578' title='bbox 2117 4321 2178 4378; x_wconf 86' lang='lat' dir='ltr'><strong>al</strong></span> <span class='ocrx_word' id='word_1_579' title='bbox 2193 4322 2254 4377; x_wconf 89' lang='lat' dir='ltr'><strong>le</strong></span> <span class='ocrx_word' id='word_1_580' title='bbox 2287 4320 2637 4401; x_wconf 63' lang='lat' dir='ltr'><strong>Latinischen</strong></span> 
     </span>
     <span class='ocr_line' id='line_1_86' title="bbox 1525 4388 2638 4448; baseline -0.004 0"><span class='ocrx_word' id='word_1_581' title='bbox 1525 4391 1745 4448; x_wconf 84' lang='lat' dir='ltr'><strong>Staaten</strong></span> <span class='ocrx_word' id='word_1_582' title='bbox 1758 4390 1839 4446; x_wconf 84' lang='lat' dir='ltr'><strong>als</strong></span> <span class='ocrx_word' id='word_1_583' title='bbox 1855 4389 2168 4447; x_wconf 85' lang='lat' dir='ltr'><strong>albanische</strong></span> <span class='ocrx_word' id='word_1_584' title='bbox 2179 4388 2444 4446; x_wconf 74' lang='lat' dir='ltr'><strong>colonien</strong></span> <span class='ocrx_word' id='word_1_585' title='bbox 2456 4388 2638 4445; x_wconf 81' lang='lat' dir='ltr'><strong>hin.—</strong></span> 
     </span>
    </p>
   </div>
  </div>
 </body>
</html>
