3019 4878
1198 258 1425 311 LIBER
1455 259 1501 311 I.
1561 258 1717 312 CAP.
1741 261 1826 316 56.
1847 264 1932 314 57.
2365 290 2408 321 a.
2434 291 2481 321 ι.
2508 281 2745 325 sao-244.

390 252 514 346 152

385 409 618 471 scilicet
660 410 820 489 quod
868 429 937 472 ea
983 411 1313 473 communis
1357 418 1548 472 mater
1605 414 1869 474 omnium
1918 413 2256 475 mortalium
2304 422 2478 476 esset.
2567 417 2740 479 redi-

387 502 514 558 tum
544 496 684 557 inde
714 497 985 566 Romam,
1033 496 1139 558 ubi
1182 498 1464 558 adversus
1492 494 1746 559 Rutulos
1775 497 1998 559 bellum
2039 516 2271 560 summa
2305 501 2356 557 vi
2385 500 2740 579 parabatur.

284 594 358 652 57
553 580 808 642 Ardeam
853 581 1063 643 Rutuli
1104 580 1435 651 habebant,
1495 599 1643 659 gens
1689 590 1754 643 ut
1809 585 1871 642 in
1916 600 1986 643 ea
2030 585 2278 661 regione
2329 592 2506 665 atque
2551 587 2616 648 in
2660 606 2740 649 ea

385 673 579 727 aetate
626 666 846 727 divitiis
892 665 1289 746 praepollens.
1381 684 1569 744 eaque
1625 667 1751 745 ipsa
1798 684 1975 728 causa
2031 668 2176 730 belli
2220 667 2365 739 suit,
2419 671 2576 747 quod
2619 688 2740 734 rex

383 751 688 812 Romanus
755 770 891 812 cum
958 752 1088 831 ipse
1160 751 1368 819 ditari,
1444 750 1769 812 exhaustus
1840 753 2276 830 magnificentia
2350 753 2732 833 publicorum

314 851 348 900 2
385 853 699 915 οροτιιω,’
728 846 852 897 tum
908 836 1126 915 praeda
1174 837 1441 898 delenire
1494 834 1875 915 popularium
1920 837 2146 898 animos
2189 837 2497 913 studebat,
2554 857 2737 918 prae-

383 927 477 992 ter
522 922 696 982 aliam
754 919 1097 999 superbiam
1154 939 1344 1001 regno
1402 921 1658 981 infestos
1703 924 1909 997 etiam,
1968 921 2124 1000 quod
2181 940 2246 982 se
2300 924 2362 981 in
2414 922 2738 985 fabrorum

382 1007 730 1067 ministeriis
776 1025 846 1067 ac
890 1005 1090 1067 servili
1136 1013 1254 1068 tam
1287 1006 1391 1069 diu
1434 1003 1669 1066 habitos
1714 1023 1896 1083 opere
1940 1006 2015 1067 ab
2056 1024 2199 1084 rege
2242 1006 2732 1084 indignabantur.

314 1107 347 1155 3
383 1096 668 1170 temptata
714 1109 813 1152 res
856 1099 979 1167 est,
1038 1092 1087 1152 si
1133 1092 1328 1170 primo
1380 1093 1612 1169 impetu
1655 1093 1792 1170 capi
1834 1090 2029 1153 Ardea
2084 1099 2316 1170 posset;
2376 1092 2478 1153 ubi
2519 1092 2582 1153 id
2623 1112 2733 1173 pa-

311 1190 346 1237 4
380 1192 514 1236 rum
561 1178 880 1254 processit,
927 1176 1239 1237 obsidione
1283 1174 1830 1256 munitionibusque
1874 1177 2069 1254 coepti
2111 1178 2306 1255 premi
2346 1175 2569 1238 hostes.
2661 1180 2734 1239 in

378 1257 474 1319 his
519 1260 772 1329 stativis,
826 1267 894 1321 ut
945 1261 1010 1321 fit
1054 1260 1231 1339 longo
1277 1263 1465 1338 magis
1509 1262 1855 1339 quam·acri
1912 1260 2098 1330 bello,
2157 1262 2301 1321 satis
2345 1259 2521 1321 liberi
2565 1280 2739 1324 com·

312 1360 344 1409 5
381 1353 611 1405 meatus
657 1353 852 1413 erant,
913 1345 1279 1424 primoribus
1326 1355 1524 1407 tamen
1569 1347 1759 1422 magis
1801 1363 1977 1425 quam
2022 1344 2336 1414 militibus;
2390 1348 2544 1424 regii
2592 1351 2734 1426 qui-

380 1427 517 1489 dem
562 1431 804 1491 iuvenes
849 1429 1148 1491 interdum
1206 1434 1394 1492 otium
1452 1431 1744 1491 conviviis
1788 1428 2399 1508 comisationibusque
2454 1433 2617 1492 inter
2660 1450 2736 1493 se

308 1526 342 1575 6
377 1514 670 1574 terebant.
760 1515 914 1576 forte
957 1515 1304 1592 potantibus
1350 1515 1444 1576 his
1490 1514 1645 1594 apud
1692 1514 1827 1575 Sex.
1874 1514 2286 1593 Tarquinium,
2335 1514 2438 1575 ubi
2482 1525 2541 1576 et
2570 1516 2727 1577 Con-

377 1598 600 1660 latinus
629 1596 879 1661 cenabat
907 1599 1282 1680 TarquiniuS,
1325 1601 1526 1678 Egerii
1556 1599 1733 1667 filius,
1779 1598 1992 1660 incidit
2017 1600 2093 1660 de
2133 1599 2424 1661 uxoribus
2464 1603 2734 1663 mentio:

309 1696 341 1745 7
377 1701 544 1746 suam
591 1685 842 1763 quisque
888 1683 1131 1746 laudare
1185 1686 1354 1747 miris
1400 1686 1616 1746 modis,
1703 1683 1845 1745 inde
1900 1685 2225 1745 certamine
2270 1701 2524 1745 accenso
2569 1686 2731 1747 Con-

374 1767 591 1828 latinus
636 1777 814 1846 negat
856 1769 1058 1830 verbis
1104 1787 1254 1846 opus
1300 1787 1448 1840 esse,
1494 1770 1700 1852 paucis
1741 1767 1802 1828 id
1848 1769 2087 1848 quidem
2129 1769 2299 1829 horis
2343 1785 2518 1848 posse
2563 1772 2732 1840 sciri,

374 1860 661 1932 quantum
719 1856 941 1914 ceteris
994 1861 1260 1933 praestet
1304 1854 1579 1917 Lucretia
1637 1870 1766 1914 sua.
1855 1855 2083 1932 „quin,
2141 1855 2189 1914 si
2238 1854 2401 1931 vigor
2445 1856 2732 1917 iuventae

374 2018 718 2074 ernahrende
781 2019 1143 2076 ‘Allmutter'
1216 2019 1329 2088 (bei
1387 2021 1495 2077 den

373 2085 641 2143 Grieoheu
676 2081 1077 2156 παμμήτειρα,
1113 2084 1349 2142 πάντων
1384 2087 1493 2157 μή·

370 2157 521 2220 τηρ).
557 2182 624 2191 -—
659 2157 853 2211 osculo
888 2159 1235 2224 commoere,
1274 2157 1383 2213 wie
1404 2161 1489 2217 45,

1594 2017 1920 2088 fabrorum.
1958 2019 2080 2075 Wie
2144 2020 2335 2087 eringe
2349 2019 2607 2088 Acbtung
2631 2021 2730 2079 die

1598 2085 1977 2143 Handwerker
2010 2088 2067 2143 in
2139 2104 2230 2143 om
2254 2103 2549 2155 genossen.
2585 2091 2728 2156 geht

1598 2155 1774 2211 sehon
1793 2155 1992 2211 daraus
2013 2155 2233 2218 hervor.
2251 2157 2379 2211 dass
2400 2156 2481 2211 sie
2499 2172 2728 2214 ausser·

368 2225 454 2284 44,
481 2226 547 2274 20
584 2222 916 2289 (Prusiam)
957 2227 1311 2281 summisisse
1335 2240 1400 2281 se
1436 2231 1495 2281 et
1595 2220 1724 2277 balb
1760 2224 1859 2279 der
1895 2222 2119 2279 Classen
2154 2226 2412 2285 standen,
2449 2237 2497 2279 c.
2532 2228 2616 2278 43.
2654 2252 2727 2263 --

369 2289 565 2345 osculo
600 2290 771 2347 limen
816 2294 1017 2348 curiae
1062 2295 1389 2361 contigisse.
1423 2321 1492 2331 -

369 2359 633 2421 reditum,
651 2358 1128 2416 abschliessendes
1147 2361 1490 2428 Asyndetou.

366 2442 462 2547 him
487 2425 584 2482 das
608 2426 756 2483 Ende
783 2427 879 2485 der
901 2427 1216 2496 Erzahlung
1241 2447 1310 2486 zu
1346 2446 1487 2486 mar-

403 2509 542 2550 1ren.

436 2561 530 2616 Die
566 2562 913 2630 Eintnhrung
947 2564 1046 2619 der
1084 2563 1351 2621 ebensalls
1387 2566 1489 2621 mit

367 2630 490 2685 dem
510 2630 553 2683 A
597 2629 900 2686 ollocultus
926 2634 1488 2700 zusammenhangen-

367 2697 472 2753 deu
499 2647 749 2764 Sibyllin.
774 2697 1004 2762 Bucher,
1042 2699 1264 2779 Dionys.
1300 2706 1361 2765 4,
1399 2705 1483 2763 62,

366 2764 535 2820 deren
582 2764 940 2833 Erwahnung
981 2782 1105 2822 man
1160 2768 1281 2824 lucr
1334 2770 1486 2827 hatte

364 2841 639 2888 erwarten
670 2832 868 2893 senen,
900 2835 995 2889 hat
1020 2834 1076 2888 L.
1109 2834 1481 2905 ubergangen.

416 2898 685 2957 57-60.
758 2901 959 2957 Sturz
996 2902 1114 2959 der
1150 2903 1439 2972 Konigs-

470 2970 475 2975 '
711 2968 1127 3027 herrschaib

432 3040 478 3091 1.
524 3036 801 3101 Ardeam,
856 3036 1186 3107 Hauptstadt
1230 3038 1330 3096 der
1372 3040 1484 3097 Ru-

361 3103 536 3169 tuler,
609 3104 850 3160 ehemals
910 3104 1020 3161 Sitz
1088 3108 1185 3163 des
1245 3107 1479 3174 Turnus,

362 3171 521 3238 verg.
559 3175 608 3234 7,
643 3176 744 3225 409
779 3171 854 3232 ff..
892 3173 949 3228 in
983 3174 1226 3236 Latium,
1263 3175 1482 3235 sudlieh

356 3255 469 3294 von
522 3239 685 3302 Rom,
741 3240 940 3296 uniern
997 3244 1094 3298 ‹ler
1139 3242 1333 3310 Kfiste,
1388 3245 1487 3300 aul'

361 3307 537 3362 einem
558 3306 748 3363 Felsen
769 3324 877 3364 von
897 3307 1164 3380 Sumpsen
1189 3310 1479 3378 umgeben.

359 3375 417 3429 in
470 3376 824 3442 ungesunder
879 3376 1118 3453 Gegend.
1187 3383 1248 3443 4,
1305 3383 1395 3444 11,
1447 3385 1480 3432 3

357 3440 502 3497 wird
540 3459 598 3497 es
633 3459 740 3498 von
767 3445 872 3498 den
895 3442 1134 3501 Remern
1170 3445 1478 3503 colonisirt.

355 3536 424 3547 —
461 3515 562 3575 ut,¹
588 3529 633 3565 s,
669 3527 715 3567 c.
751 3516 809 3574 3,
846 3516 894 3568 3.
930 3538 996 3550 -·
1032 3515 1092 3567 in
1128 3528 1200 3569 ea
1241 3520 1379 3580 ael„
1430 3534 1474 3572 s.

358 3593 428 3632 zu
465 3593 511 3632 c.
551 3581 633 3636 18,
675 3582 720 3631 1.
756 3607 825 3616 -
857 3579 1246 3647 praepollens,
1283 3583 1392 3638 wie
1427 3588 1475 3643 5,

357 3651 440 3707 34,
465 3649 497 3696 2
530 3644 775 3713 fortuna
792 3663 997 3714 praep.
1031 3676 1100 3687 —
1133 3649 1327 3710 ditari,
1364 3667 1477 3706 me-

357 3712 529 3768 diales
546 3713 756 3779 Passiv‚
786 3714 871 3771 bei
884 3714 939 3770 Ι..
961 3731 1068 3772 ιιιιι·
1084 3716 1234 3780 hiem
1262 3718 1479 3775 scheint

357 3780 497 3860 auch
535 3790 695 3837 sonst
729 3797 792 3838 so
839 3783 992 3839 nicht
1027 3784 1474 3844 vorzukommen.

355 3875 423 3884 —
474 3850 740 3915 studere,
795 3851 895 3906 mit
947 3850 1045 3906 lnl'.
1092 3852 1176 3907 bei
1224 3852 1281 3907 L.
1330 3854 1474 3910 noch

355 3919 439 4036 gg,
465 3918 549 4035 {1}
571 3921 629 4037 7ὸ
651 3919 716 3973 id
730 3924 818 3983 st„
848 3933 921 3974 ne
944 3924 1029 3986 40,
1056 3925 1138 3983 56,
1165 3925 1221 3985 2;
1257 3938 1329 3978 m.
1358 3923 1472 3979 Dat.

426 4021 439 4046 9
545 4021 558 4044 9
634 4027 648 4042 ο

421 4056 468 4103 2.
504 4059 756 4131 praeter,
793 4071 1002 4121 ausser,
1026 4056 1339 4123 abgeselxen
1363 4074 1472 4113 von

351 4141 421 4163 ==
453 4122 623 4186 πλην,
663 4120 751 4176 bei
783 4121 842 4176 L.
880 4123 987 4186 oft,
1027 4140 1071 4177 z.
1108 4123 1163 4177 B.
1202 4129 1258 4189 ’1,
1293 4129 1385 4189 42,
1419 4129 1471 4180 8.

354 4185 505 4244 Caes.
545 4187 596 4243 b.
647 4203 698 4255 g.
750 4195 802 4251 1,
853 4196 938 4244 43.
984 4218 1050 4228 -—
1098 4192 1300 4257 uliam,
1338 4210 1471 4262 pro-

353 4254 618 4324 leptisch‚
674 4257 786 4324 vgl.
831 4275 878 4313 c.
934 4264 990 4323 1,
1039 4263 1066 4310 1
1112 4266 1351 4317 ceteros.
1406 4289 1473 4299 -—

350 4338 556 4389 reyno,
629 4323 727 4381 der
796 4325 1332 4392 Kanigsherrschart.
1404 4357 1472 4367 —

1594 2288 1848 2355 habitos,
1896 2291 2038 2345 nach
2075 2292 2175 2346 der
2208 2291 2477 2357 Analogia
2515 2308 2623 2349 von
2658 2297 2732 2349 in

1594 2361 1829 2414 servitio
1863 2358 1920 2414 h.
1959 2357 2219 2424 gemmet,
2264 2364 2354 2424 34,
2394 2363 2442 2421 7,
2482 2364 2573 2422 13.
2623 2377 2723 2417 an-

1593 2425 1867 2493 gehalten,
1906 2425 2136 2483 benutzt
2172 2444 2241 2483 zu
2275 2461 2360 2484 -—.

1659 2499 1709 2548 3.
1749 2497 1805 2550 si
1833 2500 2046 2562 posset,
2084 2512 2128 2550 s.
2156 2510 2202 2550 c.
2231 2498 2281 2559 7,
2318 2500 2369 2547 6.
2406 2522 2466 2532 -
2506 2513 2561 2562 p.
2586 2514 2730 2563 pro·

1590 2566 1793 2625 cessit,
1842 2577 2043 2628 wegen
2091 2564 2189 2617 der
2232 2563 2413 2620 festen
2449 2560 2611 2631 Lage.
2654 2593 2725 2603 —-

1592 2631 2028 2691 munitionibus,
2080 2629 2308 2694 Werke,
2356 2630 2572 2687 welche
2617 2649 2731 2691 zur

1589 2697 1897 2766 Blokirung
1913 2700 2014 2754 der
2031 2696 2187 2754 Stadt
2206 2699 2317 2754 und
2341 2715 2462 2754 zum
2478 2698 2724 2756 Sebutze

1590 2764 1687 2820 des
1725 2766 2298 2832 Belagerungsheeres
2338 2767 2577 2823 dienten.

1656 2837 1705 2884 4.
1742 2837 1792 2886 5.
1829 2849 1947 2901 req.
1987 2836 2130 2898 iuv„
2169 2850 2213 2888 s,
2251 2850 2320 2888 zu
2355 2849 2400 2888 c.
2434 2838 2523 2902 47,
2559 2839 2609 2891 5.
2647 2863 2722 2876 -

1589 2902 1829 2974 effidem,
1854 2909 1959 2964 ‘so‚
1986 2917 2110 2956 zum
2129 2900 2410 2969 Beispiel’.
2445 2930 2514 2941 -
2549 2919 2718 2960 conv.

1590 3004 1605 3019 .
1644 3010 1660 3024 .
1696 2971 1851 3025 inter
1893 2984 1987 3034 se,
2042 2970 2387 3036 gegenseitig
2430 2970 2551 3026 sich
2599 2972 2714 3027 ein·

1589 3035 1814 3100 ladend,
1869 3053 1914 3093 s.
1962 3053 2029 3092 zu
2075 3051 2123 3091 c.
2177 3041 2269 3098 13,
2312 3041 2361 3093 3.
2414 3064 2481 3076 -
2538 3040 2724 3095 otium

1587 3109 1780 3161 terere
1822 3127 1891 3147 =
1934 3112 2155 3171 tempus
2199 3107 2309 3160 otio
2354 3121 2721 3172 consumere,

1587 3163 1689 3224 ἅπ.
1726 3169 1860 3239 sto„
1909 3172 2283 3229 Reminiscenz
2317 3189 2418 3229 aus
2460 3173 2619 3242 Verg.
2654 3180 2711 3238 4,

1589 3243 1687 3292 271
1725 3242 1867 3296 teris
1892 3244 2028 3295 otia.
2087 3238 2257 3296 Sonst
2279 3239 2369 3296 bei
2390 3240 2449 3295 L.
2488 3249 2713 3311 tempus

1590 3308 1723 3364 oder
1761 3308 1911 3363 diem
1946 3315 2153 3364 terere.

1655 3380 1703 3431 6.
1733 3376 2069 3443 potantibus
2115 3377 2188 3430 ist
2224 3374 2379 3431 wohl
2414 3374 2534 3432 Abl.
2572 3375 2716 3442 abs„

1585 3442 1654 3498 da
1687 3443 1746 3498 L.
1785 3447 1989 3499 mentio
2014 3443 2217 3499 incidit
2249 3444 2391 3499 auch
2415 3453 2576 3501 sonst
2612 3445 2708 3501 ab·

1584 3510 1738 3566 solut
1774 3510 2095 3578 gem-auem,
2138 3514 2235 3572 32,
2273 3514 2363 3571 20,
2402 3515 2434 3563 3
2472 3527 2602 3571 cum
2635 3515 2711 3570 de

1580 3578 1845 3646 Philippo
1881 3582 2091 3636 mentio
2124 3579 2342 3634 incidit.
2379 3605 2449 3615 —
2481 3580 2708 3647 Eyerii,

1583 3664 1626 3702 s·
1665 3664 1711 3704 c.
1756 3650 1859 3712 38,
1907 3652 1952 3699 1.
1997 3675 2065 3685 -
2120 3649 2284 3702 miris
2337 3647 2545 3712 modis,
2600 3666 2714 3705 nur

1581 3714 1728 3778 hiem
1784 3716 1894 3770 wie
1940 3716 2197 3771 omnibus
2242 3714 2423 3770 modis
2458 3719 2517 3780 2,
2556 3719 2613 3777 8.
2652 3722 2703 3771 7.

1576 3783 1844 3848 pluribus
1877 3801 1948 3838 m.
1994 3788 2086 3846 40,
2138 3787 2229 3842 13.
2278 3786 2325 3833 1.
2378 3781 2495 3850 vgl.
2540 3786 2712 3841 miris

1579 3850 1846 3906 laudibus
1877 3851 2046 3918 ferre
2084 3855 2131 3914 7,
2174 3855 2251 3913 10,
2290 3853 2370 3904 14.

1647 3921 1693 3972 7.
1730 3919 1980 3986 quidem,
2021 3918 2291 3980 namlich‚
2329 3918 2405 3985 ja·
2440 3943 2511 3958 —-
2545 3923 2708 3986 quin,

1576 3984 1717 4041 tiber
1752 3986 1858 4042 den
1897 3986 2220 4053 Uebergang
2255 3986 2311 4039 in
2348 4002 2430 4042 or.
2469 3996 2623 4044 recta
2657 4008 2705 4046 s,

1578 4068 1623 4108 c.
1650 4057 1731 4117 13,
1757 4059 1805 4107 3.
1842 4056 1978 4122 quin
2019 4054 2111 4118 (=
2134 4056 2232 4122 qui
2254 4069 2386 4116 non,
2421 4069 2533 4110 cur
2555 4060 2706 4122 non)

1577 4159 1590 4172 ·
1631 4162 1645 4179 .
1683 4164 1695 4177 .
1735 4123 2198 4184 conscendimus,
2249 4120 2352 4188 vgl.
2394 4125 2454 4187 7,
2485 4127 2583 4186 4ο,
2622 4126 2708 4177 18.

1578 4193 1627 4253 1,
1661 4194 1755 4250 45,
1801 4195 1850 4243 c.
1889 4191 2025 4257 quin
2061 4233 2076 4247 .
2113 4234 2126 4247 .
2162 4229 2176 4244 .
2213 4192 2357 4252 ³1⁰9,
2400 4195 2489 4253 11,
2528 4197 2578 4246 2.
2616 4195 2704 4254 40.

1577 4261 1636 4321 7,
1680 4262 1712 4311 5
1765 4260 1901 4325 quin
1954 4261 2288 4323 comisatum
2332 4261 2411 4314 ad
2446 4263 2707 4326 fratrem

1575 4327 1726 4381 imus
1762 4344 1814 4382 u.
1840 4344 1884 4382 s.
1919 4343 1991 4384 w.
2027 4355 2095 4365 -
2140 4331 2376 4385 iuventa
2412 4328 2509 4384 hat
2541 4330 2600 4385 L.
2642 4329 2702 4384 in
