<?xml version="1.0" encoding="UTF-8"?>
<!DOCTYPE html PUBLIC "-//W3C//DTD XHTML 1.0 Transitional//EN"
    "http://www.w3.org/TR/xhtml1/DTD/xhtml1-transitional.dtd">
<html xmlns="http://www.w3.org/1999/xhtml" xml:lang="en" lang="en">
 <head>
  <title>
</title>
<meta http-equiv="Content-Type" content="text/html;charset=utf-8" />
  <meta name='ocr-system' content='tesseract 3.04.00' />
  <meta name='ocr-capabilities' content='ocr_page ocr_carea ocr_par ocr_line ocrx_word'/>
</head>
<body>
  <div class='ocr_page' id='page_1' title='image "./titiliviaburbec02wlgoog_0105.png"; bbox 0 0 3019 4878; ppageno 0'>
   <div class='ocr_carea' id='block_1_1' title="bbox 253 284 679 330">
    <p class='ocr_par' dir='ltr' id='par_1_1' title="bbox 253 284 679 330">
     <span class='ocr_line' id='line_1_1' title="bbox 253 284 679 330; baseline 0 -4"><span class='ocrx_word' id='word_1_1' title='bbox 253 297 307 328; x_wconf 61' lang='lat' dir='ltr'><strong>a.</strong></span> <span class='ocrx_word' id='word_1_2' title='bbox 338 284 414 330; x_wconf 84' lang='lat' dir='ltr'><strong>Ch.</strong></span> <span class='ocrx_word' id='word_1_3' title='bbox 443 285 577 327; x_wconf 77' lang='lat'><strong>672—</strong></span> <span class='ocrx_word' id='word_1_4' title='bbox 588 284 679 326; x_wconf 75' lang='lat'><strong>616.</strong></span> 
     </span>
    </p>
   </div>
   <div class='ocr_carea' id='block_1_2' title="bbox 1065 265 2622 329">
    <p class='ocr_par' dir='ltr' id='par_1_2' title="bbox 1065 265 2622 329">
     <span class='ocr_line' id='line_1_2' title="bbox 1065 265 2622 329; baseline 0 -11"><span class='ocrx_word' id='word_1_5' title='bbox 1065 267 1290 318; x_wconf 78' lang='lat' dir='ltr'>LIBER</span> <span class='ocrx_word' id='word_1_6' title='bbox 1323 268 1367 319; x_wconf 89' lang='lat'><strong>1.</strong></span> <span class='ocrx_word' id='word_1_7' title='bbox 1437 265 1594 320; x_wconf 81' lang='lat' dir='ltr'><strong>GAP.</strong></span> <span class='ocrx_word' id='word_1_8' title='bbox 1633 269 1716 320; x_wconf 83' lang='lat'><strong>31.</strong></span> <span class='ocrx_word' id='word_1_9' title='bbox 1751 269 1833 318; x_wconf 81' lang='lat'><strong>32.</strong></span> <span class='ocrx_word' id='word_1_10' title='bbox 2540 265 2622 329; x_wconf 83' lang='grc'><strong>97</strong></span> 
     </span>
    </p>
   </div>
   <div class='ocr_carea' id='block_1_3' title="bbox 251 419 2624 668">
    <p class='ocr_par' dir='ltr' id='par_1_3' title="bbox 251 419 2624 668">
     <span class='ocr_line' id='line_1_3' title="bbox 263 419 2623 490; baseline -0.001 -6"><span class='ocrx_word' id='word_1_11' title='bbox 263 441 393 484; x_wconf 83' lang='lat' dir='ltr'><strong>-uon</strong></span> <span class='ocrx_word' id='word_1_12' title='bbox 438 423 557 483; x_wconf 85' lang='lat' dir='ltr'><strong>rite</strong></span> <span class='ocrx_word' id='word_1_13' title='bbox 591 421 803 482; x_wconf 88' lang='lat' dir='ltr'><strong>initum</strong></span> <span class='ocrx_word' id='word_1_14' title='bbox 852 428 953 482; x_wconf 88' lang='lat' dir='ltr'><strong>aut</strong></span> <span class='ocrx_word' id='word_1_15' title='bbox 998 428 1270 483; x_wconf 86' lang='lat' dir='ltr'><strong>curatum</strong></span> <span class='ocrx_word' id='word_1_16' title='bbox 1316 419 1378 480; x_wconf 90' lang='lat' dir='ltr'><strong>id</strong></span> <span class='ocrx_word' id='word_1_17' title='bbox 1418 437 1657 481; x_wconf 82' lang='lat' dir='ltr'><strong>sacrum</strong></span> <span class='ocrx_word' id='word_1_18' title='bbox 1703 437 1854 490; x_wconf 87' lang='lat' dir='ltr'><strong>esse,</strong></span> <span class='ocrx_word' id='word_1_19' title='bbox 1901 437 2015 481; x_wconf 88' lang='lat' dir='ltr'><strong>nec</strong></span> <span class='ocrx_word' id='word_1_20' title='bbox 2057 419 2246 481; x_wconf 89' lang='lat' dir='ltr'><strong>solum</strong></span> <span class='ocrx_word' id='word_1_21' title='bbox 2295 419 2517 482; x_wconf 88' lang='lat' dir='ltr'><strong>nullam</strong></span> <span class='ocrx_word' id='word_1_22' title='bbox 2565 422 2623 482; x_wconf 87' lang='lat' dir='ltr'><strong>ei</strong></span> 
     </span>
     <span class='ocr_line' id='line_1_4' title="bbox 251 504 2622 585; baseline -0.001 -17"><span class='ocrx_word' id='word_1_23' title='bbox 251 507 534 568; x_wconf 70' lang='lat' dir='ltr'><strong>«oblatam</strong></span> <span class='ocrx_word' id='word_1_24' title='bbox 568 506 908 567; x_wconf 86' lang='lat' dir='ltr'><strong>caelestium</strong></span> <span class='ocrx_word' id='word_1_25' title='bbox 954 505 1236 585; x_wconf 87' lang='lat' dir='ltr'><strong>speciem,</strong></span> <span class='ocrx_word' id='word_1_26' title='bbox 1283 504 1389 566; x_wconf 88' lang='lat' dir='ltr'><strong>sed</strong></span> <span class='ocrx_word' id='word_1_27' title='bbox 1434 507 1526 565; x_wconf 90' lang='lat' dir='ltr'><strong>ira</strong></span> <span class='ocrx_word' id='word_1_28' title='bbox 1556 504 1712 566; x_wconf 89' lang='lat' dir='ltr'><strong>Iovis</strong></span> <span class='ocrx_word' id='word_1_29' title='bbox 1758 505 2059 567; x_wconf 86' lang='lat' dir='ltr'><strong>sollicitati</strong></span> <span class='ocrx_word' id='word_1_30' title='bbox 2102 523 2283 585; x_wconf 87' lang='lat' dir='ltr'><strong>prava</strong></span> <span class='ocrx_word' id='word_1_31' title='bbox 2327 505 2622 584; x_wconf 82' lang='lat' dir='ltr'><strong>religione</strong></span> 
     </span>
     <span class='ocr_line' id='line_1_5' title="bbox 269 587 2624 668; baseline -0.003 -13"><span class='ocrx_word' id='word_1_32' title='bbox 269 591 527 654; x_wconf 82' lang='lat' dir='ltr'><strong>fulmine</strong></span> <span class='ocrx_word' id='word_1_33' title='bbox 568 592 749 651; x_wconf 89' lang='lat' dir='ltr'><strong>ictum</strong></span> <span class='ocrx_word' id='word_1_34' title='bbox 796 604 929 650; x_wconf 89' lang='lat' dir='ltr'><strong>cum</strong></span> <span class='ocrx_word' id='word_1_35' title='bbox 977 590 1153 650; x_wconf 87' lang='lat' dir='ltr'><strong>domo</strong></span> <span class='ocrx_word' id='word_1_36' title='bbox 1205 589 1628 667; x_wconf 84' lang='lat' dir='ltr'><strong>conflagrasse.</strong></span> <span class='ocrx_word' id='word_1_37' title='bbox 1717 587 1927 650; x_wconf 85' lang='lat' dir='ltr'>Tullus</span> <span class='ocrx_word' id='word_1_38' title='bbox 1981 607 2197 667; x_wconf 82' lang='lat' dir='ltr'><strong>magna</strong></span> <span class='ocrx_word' id='word_1_39' title='bbox 2246 591 2436 668; x_wconf 85' lang='lat' dir='ltr'><strong>gloria</strong></span> <span class='ocrx_word' id='word_1_40' title='bbox 2480 589 2624 651; x_wconf 84' lang='lat' dir='ltr'><strong>belli</strong></span> 
     </span>
    </p>
   </div>
   <div class='ocr_carea' id='block_1_4' title="bbox 267 674 1375 754">
    <p class='ocr_par' dir='ltr' id='par_1_4' title="bbox 267 674 1375 754">
     <span class='ocr_line' id='line_1_6' title="bbox 267 674 1375 754; baseline -0.005 -16"><span class='ocrx_word' id='word_1_41' title='bbox 267 678 547 754; x_wconf 84' lang='lat' dir='ltr'><strong>regnavit</strong></span> <span class='ocrx_word' id='word_1_42' title='bbox 589 692 777 736; x_wconf 89' lang='lat' dir='ltr'><strong>annos</strong></span> <span class='ocrx_word' id='word_1_43' title='bbox 822 674 973 735; x_wconf 88' lang='lat' dir='ltr'><strong>duos</strong></span> <span class='ocrx_word' id='word_1_44' title='bbox 1010 683 1071 736; x_wconf 90' lang='lat' dir='ltr'><strong>et</strong></span> <span class='ocrx_word' id='word_1_45' title='bbox 1113 676 1375 753; x_wconf 84' lang='lat' dir='ltr'><strong>triginta.</strong></span> 
     </span>
    </p>
   </div>
   <div class='ocr_carea' id='block_1_5' title="bbox 442 757 2726 834">
    <p class='ocr_par' dir='ltr' id='par_1_5' title="bbox 442 757 2726 834">
     <span class='ocr_line' id='line_1_7' title="bbox 442 757 2726 834; baseline 0.001 -14"><span class='ocrx_word' id='word_1_46' title='bbox 442 760 680 820; x_wconf 84' lang='lat' dir='ltr'><strong>Mortuo</strong></span> <span class='ocrx_word' id='word_1_47' title='bbox 725 758 900 819; x_wconf 89' lang='lat' dir='ltr'><strong>Tullo</strong></span> <span class='ocrx_word' id='word_1_48' title='bbox 942 777 1071 831; x_wconf 78' lang='lat' dir='ltr'><strong>reS,</strong></span> <span class='ocrx_word' id='word_1_49' title='bbox 1129 766 1198 819; x_wconf 85' lang='lat' dir='ltr'><strong>ut</strong></span> <span class='ocrx_word' id='word_1_50' title='bbox 1237 760 1578 820; x_wconf 79' lang='lat' dir='ltr'><strong>institutum</strong></span> <span class='ocrx_word' id='word_1_51' title='bbox 1632 759 1750 819; x_wconf 90' lang='lat' dir='ltr'><strong>iam</strong></span> <span class='ocrx_word' id='word_1_52' title='bbox 1805 758 1947 819; x_wconf 88' lang='lat' dir='ltr'><strong>inde</strong></span> <span class='ocrx_word' id='word_1_53' title='bbox 1992 757 2067 818; x_wconf 89' lang='lat' dir='ltr'><strong>ab</strong></span> <span class='ocrx_word' id='word_1_54' title='bbox 2122 759 2293 819; x_wconf 84' lang='lat' dir='ltr'><strong>initio</strong></span> <span class='ocrx_word' id='word_1_55' title='bbox 2339 765 2502 834; x_wconf 85' lang='lat' dir='ltr'><strong>erat,</strong></span> <span class='ocrx_word' id='word_1_56' title='bbox 2547 757 2619 818; x_wconf 90' lang='lat' dir='ltr'><strong>ad</strong></span> <span class='ocrx_word' id='word_1_57' title='bbox 2645 766 2726 823; x_wconf 69' lang='lat'><strong>32</strong></span> 
     </span>
    </p>
   </div>
   <div class='ocr_carea' id='block_1_6' title="bbox 257 843 2708 1853">
    <p class='ocr_par' dir='ltr' id='par_1_6' title="bbox 257 843 2708 1853">
     <span class='ocr_line' id='line_1_8' title="bbox 269 843 2620 923; baseline -0.001 -17"><span class='ocrx_word' id='word_1_58' title='bbox 269 853 476 922; x_wconf 81' lang='lat' dir='ltr'><strong>patres</strong></span> <span class='ocrx_word' id='word_1_59' title='bbox 520 844 815 916; x_wconf 81' lang='lat' dir='ltr'><strong>redierat,</strong></span> <span class='ocrx_word' id='word_1_60' title='bbox 871 844 1054 922; x_wconf 87' lang='lat' dir='ltr'><strong>hique</strong></span> <span class='ocrx_word' id='word_1_61' title='bbox 1097 846 1462 923; x_wconf 79' lang='lat' dir='ltr'><strong>interregem</strong></span> <span class='ocrx_word' id='word_1_62' title='bbox 1508 843 1979 904; x_wconf 81' lang='lat' dir='ltr'><strong>nominaverant.</strong></span> <span class='ocrx_word' id='word_1_63' title='bbox 2073 861 2188 922; x_wconf 91' lang='lat' dir='ltr'><strong>quo</strong></span> <span class='ocrx_word' id='word_1_64' title='bbox 2233 845 2473 905; x_wconf 82' lang='lat' dir='ltr'><strong>comitia</strong></span> <span class='ocrx_word' id='word_1_65' title='bbox 2516 843 2620 904; x_wconf 90' lang='lat' dir='ltr'><strong>ha-</strong></span> 
     </span>
     <span class='ocr_line' id='line_1_9' title="bbox 269 928 2622 1009; baseline -0.001 -19"><span class='ocrx_word' id='word_1_66' title='bbox 269 929 454 990; x_wconf 81' lang='lat' dir='ltr'><strong>bente</strong></span> <span class='ocrx_word' id='word_1_67' title='bbox 516 932 744 991; x_wconf 81' lang='lat' dir='ltr'><strong>Ancum</strong></span> <span class='ocrx_word' id='word_1_68' title='bbox 788 929 1076 990; x_wconf 84' lang='lat' dir='ltr'><strong>Marcium</strong></span> <span class='ocrx_word' id='word_1_69' title='bbox 1132 945 1342 1009; x_wconf 78' lang='lat' dir='ltr'><strong>regem</strong></span> <span class='ocrx_word' id='word_1_70' title='bbox 1398 928 1656 1009; x_wconf 84' lang='lat' dir='ltr'><strong>populus</strong></span> <span class='ocrx_word' id='word_1_71' title='bbox 1715 930 1969 998; x_wconf 82' lang='lat' dir='ltr'><strong>creavit;</strong></span> <span class='ocrx_word' id='word_1_72' title='bbox 2035 935 2240 1007; x_wconf 88' lang='lat' dir='ltr'><strong>patres</strong></span> <span class='ocrx_word' id='word_1_73' title='bbox 2291 930 2461 988; x_wconf 77' lang='lat' dir='ltr'><strong>fuere</strong></span> <span class='ocrx_word' id='word_1_74' title='bbox 2519 946 2622 989; x_wconf 87' lang='lat' dir='ltr'><strong>au·</strong></span> 
     </span>
     <span class='ocr_line' id='line_1_10' title="bbox 257 1011 2627 1092; baseline -0 -18"><span class='ocrx_word' id='word_1_75' title='bbox 257 1021 493 1075; x_wconf 74' lang='lat' dir='ltr'><strong>ctores.</strong></span> <span class='ocrx_word' id='word_1_76' title='bbox 584 1013 812 1074; x_wconf 80' lang='lat' dir='ltr'><strong>Numae</strong></span> <span class='ocrx_word' id='word_1_77' title='bbox 873 1011 1149 1092; x_wconf 85' lang='lat' dir='ltr'><strong>Pompilii</strong></span> <span class='ocrx_word' id='word_1_78' title='bbox 1204 1015 1363 1091; x_wconf 82' lang='lat' dir='ltr'><strong>regis</strong></span> <span class='ocrx_word' id='word_1_79' title='bbox 1417 1030 1639 1091; x_wconf 87' lang='lat' dir='ltr'><strong>nepos,</strong></span> <span class='ocrx_word' id='word_1_80' title='bbox 1699 1012 1815 1072; x_wconf 88' lang='lat' dir='ltr'><strong>filia</strong></span> <span class='ocrx_word' id='word_1_81' title='bbox 1871 1019 2067 1082; x_wconf 87' lang='lat' dir='ltr'><strong>ortus,</strong></span> <span class='ocrx_word' id='word_1_82' title='bbox 2126 1013 2328 1074; x_wconf 83' lang='lat' dir='ltr'><strong>Ancus</strong></span> <span class='ocrx_word' id='word_1_83' title='bbox 2369 1012 2627 1073; x_wconf 82' lang='lat' dir='ltr'><strong>Marcius</strong></span> 
     </span>
     <span class='ocr_line' id='line_1_11' title="bbox 264 1096 2693 1178; baseline -0.001 -19"><span class='ocrx_word' id='word_1_84' title='bbox 264 1106 427 1160; x_wconf 80' lang='lat' dir='ltr'><strong>erat.</strong></span> <span class='ocrx_word' id='word_1_85' title='bbox 495 1099 597 1178; x_wconf 84' lang='lat' dir='ltr'><strong>qui</strong></span> <span class='ocrx_word' id='word_1_86' title='bbox 637 1107 705 1158; x_wconf 88' lang='lat' dir='ltr'><strong>ut</strong></span> <span class='ocrx_word' id='word_1_87' title='bbox 746 1115 1001 1176; x_wconf 84' lang='lat' dir='ltr'><strong>regnare</strong></span> <span class='ocrx_word' id='word_1_88' title='bbox 1046 1100 1266 1177; x_wconf 88' lang='lat' dir='ltr'><strong>coepit,</strong></span> <span class='ocrx_word' id='word_1_89' title='bbox 1314 1104 1372 1158; x_wconf 90' lang='lat' dir='ltr'><strong>et</strong></span> <span class='ocrx_word' id='word_1_90' title='bbox 1415 1100 1605 1159; x_wconf 88' lang='lat' dir='ltr'><strong>avitae</strong></span> <span class='ocrx_word' id='word_1_91' title='bbox 1635 1096 1861 1175; x_wconf 82' lang='lat' dir='ltr'><strong>gloriae</strong></span> <span class='ocrx_word' id='word_1_92' title='bbox 1905 1114 2152 1165; x_wconf 86' lang='lat' dir='ltr'><strong>memor,</strong></span> <span class='ocrx_word' id='word_1_93' title='bbox 2200 1105 2260 1159; x_wconf 83' lang='lat' dir='ltr'><strong>et</strong></span> <span class='ocrx_word' id='word_1_94' title='bbox 2303 1100 2440 1178; x_wconf 87' lang='lat' dir='ltr'><strong>quia</strong></span> <span class='ocrx_word' id='word_1_95' title='bbox 2487 1114 2624 1174; x_wconf 88' lang='lat' dir='ltr'><strong>pro-</strong></span> <span class='ocrx_word' id='word_1_96' title='bbox 2660 1110 2693 1157; x_wconf 82' lang='lat'><strong>2</strong></span> 
     </span>
     <span class='ocr_line' id='line_1_12' title="bbox 267 1181 2626 1261; baseline -0 -18"><span class='ocrx_word' id='word_1_97' title='bbox 267 1185 508 1244; x_wconf 75' lang='lat' dir='ltr'><strong>ximum</strong></span> <span class='ocrx_word' id='word_1_98' title='bbox 552 1200 829 1261; x_wconf 84' lang='lat' dir='ltr'><strong>regnum,</strong></span> <span class='ocrx_word' id='word_1_99' title='bbox 878 1191 1076 1244; x_wconf 85' lang='lat' dir='ltr'><strong>cetera</strong></span> <span class='ocrx_word' id='word_1_100' title='bbox 1122 1185 1448 1261; x_wconf 85' lang='lat' dir='ltr'><strong>egregium,</strong></span> <span class='ocrx_word' id='word_1_101' title='bbox 1494 1182 1570 1243; x_wconf 86' lang='lat' dir='ltr'><strong>ab</strong></span> <span class='ocrx_word' id='word_1_102' title='bbox 1614 1199 1732 1243; x_wconf 89' lang='lat' dir='ltr'><strong>una</strong></span> <span class='ocrx_word' id='word_1_103' title='bbox 1764 1189 1947 1261; x_wconf 74' lang='lat' dir='ltr'><strong>parte</strong></span> <span class='ocrx_word' id='word_1_104' title='bbox 1990 1181 2147 1243; x_wconf 88' lang='lat' dir='ltr'><strong>haud</strong></span> <span class='ocrx_word' id='word_1_105' title='bbox 2191 1184 2333 1243; x_wconf 85' lang='lat' dir='ltr'><strong>satis</strong></span> <span class='ocrx_word' id='word_1_106' title='bbox 2374 1199 2626 1261; x_wconf 87' lang='lat' dir='ltr'><strong>prospe-</strong></span> 
     </span>
     <span class='ocr_line' id='line_1_13' title="bbox 272 1264 2622 1347; baseline -0 -19"><span class='ocrx_word' id='word_1_107' title='bbox 272 1286 412 1328; x_wconf 87' lang='lat' dir='ltr'><strong>rum</strong></span> <span class='ocrx_word' id='word_1_108' title='bbox 444 1270 660 1337; x_wconf 87' lang='lat' dir='ltr'><strong>fuerat,</strong></span> <span class='ocrx_word' id='word_1_109' title='bbox 708 1276 813 1327; x_wconf 86' lang='lat' dir='ltr'><strong>aut</strong></span> <span class='ocrx_word' id='word_1_110' title='bbox 854 1266 1141 1344; x_wconf 80' lang='lat' dir='ltr'><strong>neglectis</strong></span> <span class='ocrx_word' id='word_1_111' title='bbox 1179 1266 1575 1345; x_wconf 84' lang='lat' dir='ltr'><strong>religionibus</strong></span> <span class='ocrx_word' id='word_1_112' title='bbox 1618 1274 1719 1327; x_wconf 89' lang='lat' dir='ltr'><strong>aut</strong></span> <span class='ocrx_word' id='word_1_113' title='bbox 1761 1284 1942 1345; x_wconf 86' lang='lat' dir='ltr'><strong>prave</strong></span> <span class='ocrx_word' id='word_1_114' title='bbox 1986 1266 2193 1328; x_wconf 85' lang='lat' dir='ltr'><strong>cultis:</strong></span> <span class='ocrx_word' id='word_1_115' title='bbox 2238 1267 2415 1346; x_wconf 85' lang='lat' dir='ltr'><strong>longe</strong></span> <span class='ocrx_word' id='word_1_116' title='bbox 2451 1264 2622 1347; x_wconf 87' lang='lat' dir='ltr'><strong>[que]</strong></span> 
     </span>
     <span class='ocr_line' id='line_1_14' title="bbox 268 1349 2708 1433; baseline -0 -21"><span class='ocrx_word' id='word_1_117' title='bbox 268 1349 768 1433; x_wconf 78' lang='lat' dir='ltr'><strong>antiquissimum</strong></span> <span class='ocrx_word' id='word_1_118' title='bbox 810 1360 976 1413; x_wconf 88' lang='lat' dir='ltr'><strong>ratus</strong></span> <span class='ocrx_word' id='word_1_119' title='bbox 1019 1369 1188 1413; x_wconf 88' lang='lat' dir='ltr'><strong>sacra</strong></span> <span class='ocrx_word' id='word_1_120' title='bbox 1233 1352 1492 1430; x_wconf 86' lang='lat' dir='ltr'><strong>publica,</strong></span> <span class='ocrx_word' id='word_1_121' title='bbox 1540 1358 1607 1413; x_wconf 82' lang='lat' dir='ltr'><strong>ul</strong></span> <span class='ocrx_word' id='word_1_122' title='bbox 1650 1351 1724 1412; x_wconf 90' lang='lat' dir='ltr'><strong>ab</strong></span> <span class='ocrx_word' id='word_1_123' title='bbox 1756 1352 1946 1412; x_wconf 86' lang='lat' dir='ltr'><strong>Numa</strong></span> <span class='ocrx_word' id='word_1_124' title='bbox 1988 1353 2258 1413; x_wconf 85' lang='lat' dir='ltr'><strong>instituta</strong></span> <span class='ocrx_word' id='word_1_125' title='bbox 2304 1360 2494 1421; x_wconf 87' lang='lat' dir='ltr'><strong>erant,</strong></span> <span class='ocrx_word' id='word_1_126' title='bbox 2543 1352 2628 1411; x_wconf 79' lang='lat' dir='ltr'><strong>l&#39;a-</strong></span> <span class='ocrx_word' id='word_1_127' title='bbox 2696 1412 2708 1426; x_wconf 73' lang='lat'>‚</span> 
     </span>
     <span class='ocr_line' id='line_1_15' title="bbox 281 1436 2628 1516; baseline -0 -18"><span class='ocrx_word' id='word_1_128' title='bbox 281 1455 456 1507; x_wconf 91' lang='lat' dir='ltr'><strong>cere,</strong></span> <span class='ocrx_word' id='word_1_129' title='bbox 514 1437 709 1497; x_wconf 88' lang='lat' dir='ltr'><strong>omnia</strong></span> <span class='ocrx_word' id='word_1_130' title='bbox 757 1454 825 1496; x_wconf 90' lang='lat' dir='ltr'><strong>ea</strong></span> <span class='ocrx_word' id='word_1_131' title='bbox 872 1453 945 1496; x_wconf 86' lang='lat' dir='ltr'><strong>ex</strong></span> <span class='ocrx_word' id='word_1_132' title='bbox 989 1439 1434 1499; x_wconf 85' lang='lat' dir='ltr'><strong>commentariis</strong></span> <span class='ocrx_word' id='word_1_133' title='bbox 1492 1439 1655 1515; x_wconf 82' lang='lat' dir='ltr'><strong>regis</strong></span> <span class='ocrx_word' id='word_1_134' title='bbox 1710 1438 2054 1516; x_wconf 86' lang='lat' dir='ltr'><strong>pontificem</strong></span> <span class='ocrx_word' id='word_1_135' title='bbox 2105 1439 2168 1497; x_wconf 91' lang='lat' dir='ltr'><strong>in</strong></span> <span class='ocrx_word' id='word_1_136' title='bbox 2225 1436 2425 1498; x_wconf 87' lang='lat' dir='ltr'><strong>album</strong></span> <span class='ocrx_word' id='word_1_137' title='bbox 2473 1437 2628 1498; x_wconf 87' lang='lat' dir='ltr'><strong>elata</strong></span> 
     </span>
     <span class='ocr_line' id='line_1_16' title="bbox 276 1520 2628 1602; baseline -0 -21"><span class='ocrx_word' id='word_1_138' title='bbox 276 1522 621 1602; x_wconf 81' lang='lat' dir='ltr'><strong>proponere</strong></span> <span class='ocrx_word' id='word_1_139' title='bbox 665 1521 726 1581; x_wconf 92' lang='lat' dir='ltr'><strong>in</strong></span> <span class='ocrx_word' id='word_1_140' title='bbox 768 1521 1010 1601; x_wconf 86' lang='lat' dir='ltr'><strong>publico</strong></span> <span class='ocrx_word' id='word_1_141' title='bbox 1053 1521 1242 1583; x_wconf 83' lang='lat' dir='ltr'><strong>iubet.</strong></span> <span class='ocrx_word' id='word_1_142' title='bbox 1330 1520 1469 1582; x_wconf 90' lang='lat' dir='ltr'><strong>inde</strong></span> <span class='ocrx_word' id='word_1_143' title='bbox 1527 1530 1589 1581; x_wconf 90' lang='lat' dir='ltr'><strong>et</strong></span> <span class='ocrx_word' id='word_1_144' title='bbox 1631 1520 1857 1582; x_wconf 86' lang='lat' dir='ltr'><strong>civibus</strong></span> <span class='ocrx_word' id='word_1_145' title='bbox 1911 1523 2016 1582; x_wconf 90' lang='lat' dir='ltr'><strong>otii</strong></span> <span class='ocrx_word' id='word_1_146' title='bbox 2070 1520 2299 1602; x_wconf 88' lang='lat' dir='ltr'><strong>cupidis</strong></span> <span class='ocrx_word' id='word_1_147' title='bbox 2344 1529 2403 1582; x_wconf 89' lang='lat' dir='ltr'><strong>et</strong></span> <span class='ocrx_word' id='word_1_148' title='bbox 2446 1522 2628 1581; x_wconf 82' lang='lat' dir='ltr'><strong>finiti-</strong></span> 
     </span>
     <span class='ocr_line' id='line_1_17' title="bbox 265 1604 2627 1685; baseline 0.002 -24"><span class='ocrx_word' id='word_1_149' title='bbox 265 1610 397 1668; x_wconf 76' lang='lat' dir='ltr'><strong>,mis</strong></span> <span class='ocrx_word' id='word_1_150' title='bbox 443 1604 778 1668; x_wconf 86' lang='lat' dir='ltr'><strong>civitatibus</strong></span> <span class='ocrx_word' id='word_1_151' title='bbox 826 1604 979 1667; x_wconf 85' lang='lat' dir='ltr'><strong>facta</strong></span> <span class='ocrx_word' id='word_1_152' title='bbox 1024 1623 1161 1684; x_wconf 87' lang='lat' dir='ltr'><strong>spes</strong></span> <span class='ocrx_word' id='word_1_153' title='bbox 1215 1609 1279 1666; x_wconf 89' lang='lat' dir='ltr'><strong>in</strong></span> <span class='ocrx_word' id='word_1_154' title='bbox 1323 1608 1415 1667; x_wconf 86' lang='lat' dir='ltr'><strong>avi</strong></span> <span class='ocrx_word' id='word_1_155' title='bbox 1458 1623 1660 1668; x_wconf 85' lang='lat' dir='ltr'><strong>mores</strong></span> <span class='ocrx_word' id='word_1_156' title='bbox 1703 1613 1878 1685; x_wconf 88' lang='lat' dir='ltr'><strong>atque</strong></span> <span class='ocrx_word' id='word_1_157' title='bbox 1929 1607 2196 1666; x_wconf 85' lang='lat' dir='ltr'><strong>instituta</strong></span> <span class='ocrx_word' id='word_1_158' title='bbox 2251 1623 2455 1684; x_wconf 87' lang='lat' dir='ltr'><strong>regem</strong></span> <span class='ocrx_word' id='word_1_159' title='bbox 2502 1605 2627 1666; x_wconf 88' lang='lat' dir='ltr'><strong>ahi-</strong></span> 
     </span>
     <span class='ocr_line' id='line_1_18' title="bbox 265 1687 2699 1772; baseline -0.002 -20"><span class='ocrx_word' id='word_1_160' title='bbox 265 1699 504 1752; x_wconf 67' lang='lat' dir='ltr'><strong>turum.</strong></span> <span class='ocrx_word' id='word_1_161' title='bbox 589 1692 779 1768; x_wconf 85' lang='lat' dir='ltr'><strong>igitur</strong></span> <span class='ocrx_word' id='word_1_162' title='bbox 823 1691 1047 1761; x_wconf 87' lang='lat' dir='ltr'><strong>Latini,</strong></span> <span class='ocrx_word' id='word_1_163' title='bbox 1118 1709 1255 1752; x_wconf 89' lang='lat' dir='ltr'><strong>cum</strong></span> <span class='ocrx_word' id='word_1_164' title='bbox 1309 1690 1528 1772; x_wconf 87' lang='lat' dir='ltr'><strong>quibus</strong></span> <span class='ocrx_word' id='word_1_165' title='bbox 1591 1687 1765 1751; x_wconf 86' lang='lat' dir='ltr'><strong>Tullo</strong></span> <span class='ocrx_word' id='word_1_166' title='bbox 1830 1698 2117 1767; x_wconf 83' lang='lat' dir='ltr'><strong>regnante</strong></span> <span class='ocrx_word' id='word_1_167' title='bbox 2178 1693 2362 1752; x_wconf 83' lang='lat' dir='ltr'><strong>ictum</strong></span> <span class='ocrx_word' id='word_1_168' title='bbox 2417 1691 2630 1752; x_wconf 85' lang='lat' dir='ltr'><strong>foedus</strong></span> <span class='ocrx_word' id='word_1_169' title='bbox 2665 1698 2699 1748; x_wconf 84' lang='lat'><strong>3</strong></span> 
     </span>
     <span class='ocr_line' id='line_1_19' title="bbox 280 1774 2630 1853; baseline -0.001 -16"><span class='ocrx_word' id='word_1_170' title='bbox 280 1785 431 1846; x_wconf 88' lang='lat' dir='ltr'><strong>erat,</strong></span> <span class='ocrx_word' id='word_1_171' title='bbox 477 1774 846 1836; x_wconf 84' lang='lat' dir='ltr'><strong>sustulerant</strong></span> <span class='ocrx_word' id='word_1_172' title='bbox 890 1777 1123 1836; x_wconf 84' lang='lat' dir='ltr'><strong>animos</strong></span> <span class='ocrx_word' id='word_1_173' title='bbox 1171 1784 1257 1846; x_wconf 88' lang='lat' dir='ltr'><strong>et,</strong></span> <span class='ocrx_word' id='word_1_174' title='bbox 1306 1794 1441 1837; x_wconf 91' lang='lat' dir='ltr'><strong>cum</strong></span> <span class='ocrx_word' id='word_1_175' title='bbox 1485 1776 1888 1837; x_wconf 82' lang='lat' dir='ltr'><strong>incursionem</strong></span> <span class='ocrx_word' id='word_1_176' title='bbox 1932 1778 1995 1836; x_wconf 92' lang='lat' dir='ltr'><strong>in</strong></span> <span class='ocrx_word' id='word_1_177' title='bbox 2042 1792 2250 1853; x_wconf 85' lang='lat' dir='ltr'><strong>agrum</strong></span> <span class='ocrx_word' id='word_1_178' title='bbox 2296 1775 2630 1836; x_wconf 87' lang='lat' dir='ltr'><strong>Romanum</strong></span> 
     </span>
    </p>
   </div>
   <div class='ocr_carea' id='block_1_7' title="bbox 265 1957 1412 3110">
    <p class='ocr_par' dir='ltr' id='par_1_7' title="bbox 265 1957 1412 3110">
     <span class='ocr_line' id='line_1_20' title="bbox 281 1957 1409 2027; baseline -0.001 -12"><span class='ocrx_word' id='word_1_179' title='bbox 281 1965 429 2015; x_wconf 71' lang='lat' dir='ltr'><strong>rata</strong></span> <span class='ocrx_word' id='word_1_180' title='bbox 456 1960 668 2015; x_wconf 80' lang='lat' dir='ltr'><strong>sacris.</strong></span> <span class='ocrx_word' id='word_1_181' title='bbox 699 1984 765 1997; x_wconf 90' lang='lat'><strong>-—</strong></span> <span class='ocrx_word' id='word_1_182' title='bbox 801 1974 973 2025; x_wconf 73' lang='lat' dir='ltr'><strong>spec„</strong></span> <span class='ocrx_word' id='word_1_183' title='bbox 1001 1957 1409 2027; x_wconf 81' lang='lat' dir='ltr'><strong>Erscbeinung;</strong></span> 
     </span>
     <span class='ocr_line' id='line_1_21' title="bbox 277 2025 1409 2088; baseline -0.002 -5"><span class='ocrx_word' id='word_1_184' title='bbox 277 2027 477 2083; x_wconf 83' lang='lat' dir='ltr'><strong>weder</strong></span> <span class='ocrx_word' id='word_1_185' title='bbox 520 2026 621 2081; x_wconf 84' lang='lat' dir='ltr'><strong>der</strong></span> <span class='ocrx_word' id='word_1_186' title='bbox 654 2025 813 2088; x_wconf 84' lang='lat' dir='ltr'><strong>Gott.</strong></span> <span class='ocrx_word' id='word_1_187' title='bbox 858 2027 1003 2082; x_wconf 88' lang='lat' dir='ltr'><strong>noch</strong></span> <span class='ocrx_word' id='word_1_188' title='bbox 1050 2028 1141 2082; x_wconf 87' lang='lat' dir='ltr'><strong>ein</strong></span> <span class='ocrx_word' id='word_1_189' title='bbox 1176 2027 1409 2082; x_wconf 86' lang='lat' dir='ltr'><strong>Zeichen</strong></span> 
     </span>
     <span class='ocr_line' id='line_1_22' title="bbox 282 2093 1411 2158; baseline 0.001 -9"><span class='ocrx_word' id='word_1_190' title='bbox 282 2110 396 2151; x_wconf 84' lang='lat' dir='ltr'><strong>von</strong></span> <span class='ocrx_word' id='word_1_191' title='bbox 433 2094 549 2148; x_wconf 88' lang='lat' dir='ltr'><strong>ihm</strong></span> <span class='ocrx_word' id='word_1_192' title='bbox 584 2093 857 2158; x_wconf 89' lang='lat' dir='ltr'><strong>erschien,</strong></span> <span class='ocrx_word' id='word_1_193' title='bbox 893 2097 941 2157; x_wconf 89' lang='lat'><strong>2,</strong></span> <span class='ocrx_word' id='word_1_194' title='bbox 979 2096 1062 2158; x_wconf 83' lang='grc'><strong>36,</strong></span> <span class='ocrx_word' id='word_1_195' title='bbox 1087 2099 1136 2149; x_wconf 84' lang='grc'><strong>4.</strong></span> <span class='ocrx_word' id='word_1_196' title='bbox 1176 2100 1226 2158; x_wconf 81' lang='grc'><strong>3,</strong></span> <span class='ocrx_word' id='word_1_197' title='bbox 1249 2098 1299 2157; x_wconf 97' lang='grc'><strong>5,</strong></span> <span class='ocrx_word' id='word_1_198' title='bbox 1325 2099 1411 2150; x_wconf 85' lang='grc'><strong>14.</strong></span> 
     </span>
     <span class='ocr_line' id='line_1_23' title="bbox 273 2160 1410 2227; baseline 0.002 -12"><span class='ocrx_word' id='word_1_199' title='bbox 273 2166 379 2226; x_wconf 84' lang='grc'><strong>26,</strong></span> <span class='ocrx_word' id='word_1_200' title='bbox 421 2166 517 2227; x_wconf 89' lang='grc'><strong>19,</strong></span> <span class='ocrx_word' id='word_1_201' title='bbox 548 2166 599 2216; x_wconf 88' lang='grc'><strong>4.</strong></span> <span class='ocrx_word' id='word_1_202' title='bbox 635 2189 705 2200; x_wconf 88' lang='grc'><strong>--</strong></span> <span class='ocrx_word' id='word_1_203' title='bbox 749 2163 873 2226; x_wconf 83' lang='lat' dir='ltr'><strong>ira,</strong></span> <span class='ocrx_word' id='word_1_204' title='bbox 911 2160 1032 2219; x_wconf 85' lang='lat' dir='ltr'><strong>Abl.</strong></span> <span class='ocrx_word' id='word_1_205' title='bbox 1068 2179 1291 2226; x_wconf 87' lang='lat' dir='ltr'><strong>causae,</strong></span> <span class='ocrx_word' id='word_1_206' title='bbox 1330 2162 1410 2217; x_wconf 79' lang='lat' dir='ltr'><strong>‘in</strong></span> 
     </span>
     <span class='ocr_line' id='line_1_24' title="bbox 276 2229 1412 2297; baseline -0.003 -10"><span class='ocrx_word' id='word_1_207' title='bbox 276 2230 456 2297; x_wconf 83' lang='lat' dir='ltr'><strong>Folge</strong></span> <span class='ocrx_word' id='word_1_208' title='bbox 482 2272 497 2287; x_wconf 90' lang='lat'><strong>.</strong></span> <span class='ocrx_word' id='word_1_209' title='bbox 533 2235 569 2281; x_wconf 85' lang='lat'><strong>.’</strong></span> <span class='ocrx_word' id='word_1_210' title='bbox 605 2257 674 2268; x_wconf 91' lang='lat'><strong>--</strong></span> <span class='ocrx_word' id='word_1_211' title='bbox 708 2229 888 2285; x_wconf 78' lang='lat' dir='ltr'><strong>sellie.</strong></span> <span class='ocrx_word' id='word_1_212' title='bbox 916 2246 1108 2296; x_wconf 79' lang='lat' dir='ltr'><strong>prava</strong></span> <span class='ocrx_word' id='word_1_213' title='bbox 1141 2231 1274 2295; x_wconf 65' lang='lat' dir='ltr'><strong>rel„</strong></span> <span class='ocrx_word' id='word_1_214' title='bbox 1311 2229 1412 2285; x_wconf 85' lang='lat' dir='ltr'><strong>der</strong></span> 
     </span>
     <span class='ocr_line' id='line_1_25' title="bbox 269 2294 1412 2361; baseline -0.003 -6"><span class='ocrx_word' id='word_1_215' title='bbox 269 2297 461 2354; x_wconf 78' lang='lat' dir='ltr'><strong>durch</strong></span> <span class='ocrx_word' id='word_1_216' title='bbox 494 2296 583 2352; x_wconf 84' lang='lat' dir='ltr'><strong>die</strong></span> <span class='ocrx_word' id='word_1_217' title='bbox 629 2294 1003 2353; x_wconf 84' lang='lat' dir='ltr'><strong>fehlerhaften</strong></span> <span class='ocrx_word' id='word_1_218' title='bbox 1033 2298 1412 2361; x_wconf 86' lang='lat' dir='ltr'><strong>Ceremonien,</strong></span> 
     </span>
     <span class='ocr_line' id='line_1_26' title="bbox 271 2363 1406 2434; baseline -0.001 -13"><span class='ocrx_word' id='word_1_219' title='bbox 271 2366 389 2422; x_wconf 80' lang='lat' dir='ltr'><strong>den</strong></span> <span class='ocrx_word' id='word_1_220' title='bbox 444 2363 777 2421; x_wconf 80' lang='lat' dir='ltr'><strong>verkehrteu</strong></span> <span class='ocrx_word' id='word_1_221' title='bbox 830 2364 1020 2421; x_wconf 85' lang='lat' dir='ltr'><strong>Dienst</strong></span> <span class='ocrx_word' id='word_1_222' title='bbox 1081 2365 1210 2434; x_wconf 80' lang='lat' dir='ltr'><strong>(vgl.</strong></span> <span class='ocrx_word' id='word_1_223' title='bbox 1262 2363 1406 2422; x_wconf 89' lang='lat' dir='ltr'><strong>oben</strong></span> 
     </span>
     <span class='ocr_line' id='line_1_27' title="bbox 284 2430 1404 2501; baseline -0.002 -11"><span class='ocrx_word' id='word_1_224' title='bbox 284 2450 406 2490; x_wconf 78' lang='lat' dir='ltr'><strong>non</strong></span> <span class='ocrx_word' id='word_1_225' title='bbox 466 2433 610 2498; x_wconf 78' lang='lat' dir='ltr'><strong>rite)</strong></span> <span class='ocrx_word' id='word_1_226' title='bbox 675 2430 766 2488; x_wconf 86' lang='lat' dir='ltr'><strong>bei</strong></span> <span class='ocrx_word' id='word_1_227' title='bbox 819 2432 918 2489; x_wconf 85' lang='lat' dir='ltr'><strong>der</strong></span> <span class='ocrx_word' id='word_1_228' title='bbox 971 2433 1404 2501; x_wconf 75' lang='lat' dir='ltr'><strong>Beschworung,</strong></span> 
     </span>
     <span class='ocr_line' id='line_1_28' title="bbox 285 2500 1407 2569; baseline 0.002 -14"><span class='ocrx_word' id='word_1_229' title='bbox 285 2506 372 2566; x_wconf 84' lang='grc'><strong>39,</strong></span> <span class='ocrx_word' id='word_1_230' title='bbox 399 2504 483 2564; x_wconf 91' lang='grc'><strong>15,</strong></span> <span class='ocrx_word' id='word_1_231' title='bbox 509 2505 567 2566; x_wconf 80' lang='lat'><strong>33</strong></span> <span class='ocrx_word' id='word_1_232' title='bbox 608 2502 690 2565; x_wconf 90' lang='grc'><strong>16,</strong></span> <span class='ocrx_word' id='word_1_233' title='bbox 724 2504 775 2564; x_wconf 91' lang='grc'><strong>6,</strong></span> <span class='ocrx_word' id='word_1_234' title='bbox 810 2500 1150 2569; x_wconf 83' lang='lat' dir='ltr'><strong>beunruhigt</strong></span> <span class='ocrx_word' id='word_1_235' title='bbox 1173 2502 1287 2557; x_wconf 87' lang='lat' dir='ltr'><strong>und</strong></span> <span class='ocrx_word' id='word_1_236' title='bbox 1312 2516 1407 2569; x_wconf 81' lang='lat' dir='ltr'><strong>ge·</strong></span> 
     </span>
     <span class='ocr_line' id='line_1_29' title="bbox 275 2567 1405 2635; baseline -0.002 -9"><span class='ocrx_word' id='word_1_237' title='bbox 275 2573 431 2626; x_wconf 72' lang='lat' dir='ltr'><strong>stort</strong></span> <span class='ocrx_word' id='word_1_238' title='bbox 478 2567 728 2624; x_wconf 85' lang='lat' dir='ltr'><strong>worden.</strong></span> <span class='ocrx_word' id='word_1_239' title='bbox 770 2596 835 2606; x_wconf 86' lang='lat'><strong>-—</strong></span> <span class='ocrx_word' id='word_1_240' title='bbox 884 2571 1080 2635; x_wconf 66' lang='lat' dir='ltr'><strong>confi„</strong></span> <span class='ocrx_word' id='word_1_241' title='bbox 1136 2586 1211 2625; x_wconf 89' lang='lat' dir='ltr'><strong>sc.</strong></span> <span class='ocrx_word' id='word_1_242' title='bbox 1257 2586 1405 2634; x_wconf 88' lang='lat' dir='ltr'><strong>eum,</strong></span> 
     </span>
     <span class='ocr_line' id='line_1_30' title="bbox 277 2636 1408 2705; baseline 0.001 -13"><span class='ocrx_word' id='word_1_243' title='bbox 277 2652 405 2693; x_wconf 79' lang='lat' dir='ltr'><strong>was</strong></span> <span class='ocrx_word' id='word_1_244' title='bbox 425 2650 624 2703; x_wconf 85' lang='lat' dir='ltr'><strong>wegen</strong></span> <span class='ocrx_word' id='word_1_245' title='bbox 644 2636 741 2693; x_wconf 88' lang='lat' dir='ltr'><strong>des</strong></span> <span class='ocrx_word' id='word_1_246' title='bbox 764 2636 946 2691; x_wconf 88' lang='lat' dir='ltr'><strong>nahen</strong></span> <span class='ocrx_word' id='word_1_247' title='bbox 972 2638 1028 2693; x_wconf 90' lang='lat' dir='ltr'><strong>ei</strong></span> <span class='ocrx_word' id='word_1_248' title='bbox 1049 2636 1408 2705; x_wconf 80' lang='lat' dir='ltr'><strong>ausgetallen.</strong></span> 
     </span>
     <span class='ocr_line' id='line_1_31' title="bbox 279 2703 1410 2772; baseline 0 -14"><span class='ocrx_word' id='word_1_249' title='bbox 279 2732 348 2743; x_wconf 87' lang='lat'><strong>—-·</strong></span> <span class='ocrx_word' id='word_1_250' title='bbox 400 2704 503 2759; x_wconf 85' lang='lat' dir='ltr'><strong>Der</strong></span> <span class='ocrx_word' id='word_1_251' title='bbox 545 2703 799 2760; x_wconf 85' lang='lat' dir='ltr'><strong>Annalist</strong></span> <span class='ocrx_word' id='word_1_252' title='bbox 847 2703 975 2759; x_wconf 91' lang='lat' dir='ltr'><strong>Piso</strong></span> <span class='ocrx_word' id='word_1_253' title='bbox 1033 2704 1244 2761; x_wconf 76' lang='lat' dir='ltr'><strong>erzahlt</strong></span> <span class='ocrx_word' id='word_1_254' title='bbox 1296 2704 1410 2772; x_wconf 90' lang='lat' dir='ltr'><strong>(bei</strong></span> 
     </span>
     <span class='ocr_line' id='line_1_32' title="bbox 275 2771 1409 2840; baseline 0 -13"><span class='ocrx_word' id='word_1_255' title='bbox 275 2771 426 2828; x_wconf 86' lang='lat' dir='ltr'><strong>Plin.</strong></span> <span class='ocrx_word' id='word_1_256' title='bbox 470 2774 564 2835; x_wconf 88' lang='lat'><strong>28,</strong></span> <span class='ocrx_word' id='word_1_257' title='bbox 614 2772 700 2836; x_wconf 81' lang='grc'><strong>14)</strong></span> <span class='ocrx_word' id='word_1_258' title='bbox 759 2771 984 2828; x_wconf 84' lang='lat' dir='ltr'><strong>Tullum</strong></span> <span class='ocrx_word' id='word_1_259' title='bbox 1018 2772 1183 2828; x_wconf 81' lang='lat' dir='ltr'><strong>Host.</strong></span> <span class='ocrx_word' id='word_1_260' title='bbox 1220 2788 1409 2840; x_wconf 73' lang='lat' dir='ltr'><strong>reqem</strong></span> 
     </span>
     <span class='ocr_line' id='line_1_33' title="bbox 277 2839 1411 2908; baseline -0.002 -11"><span class='ocrx_word' id='word_1_261' title='bbox 277 2855 365 2897; x_wconf 77' lang='lat' dir='ltr'><strong>ex</strong></span> <span class='ocrx_word' id='word_1_262' title='bbox 398 2839 623 2896; x_wconf 82' lang='lat' dir='ltr'><strong>Numae</strong></span> <span class='ocrx_word' id='word_1_263' title='bbox 659 2839 824 2895; x_wconf 80' lang='lat' dir='ltr'><strong>libris</strong></span> <span class='ocrx_word' id='word_1_264' title='bbox 870 2840 1065 2896; x_wconf 83' lang='lat' dir='ltr'><strong>eodem</strong></span> <span class='ocrx_word' id='word_1_265' title='bbox 1098 2857 1208 2908; x_wconf 75' lang='lat' dir='ltr'><strong>quo</strong></span> <span class='ocrx_word' id='word_1_266' title='bbox 1250 2841 1411 2896; x_wconf 84' lang='lat' dir='ltr'><strong>illum</strong></span> 
     </span>
     <span class='ocr_line' id='line_1_34' title="bbox 265 2906 1411 2974; baseline 0.001 -10"><span class='ocrx_word' id='word_1_267' title='bbox 265 2909 576 2974; x_wconf 62' lang='lat' dir='ltr'><strong>sacrificio</strong></span> <span class='ocrx_word' id='word_1_268' title='bbox 643 2906 835 2963; x_wconf 88' lang='lat' dir='ltr'><strong>Iovem</strong></span> <span class='ocrx_word' id='word_1_269' title='bbox 902 2907 1062 2963; x_wconf 82' lang='lat' dir='ltr'><strong>caelo</strong></span> <span class='ocrx_word' id='word_1_270' title='bbox 1131 2910 1411 2965; x_wconf 82' lang='lat' dir='ltr'><strong>devocare</strong></span> 
     </span>
     <span class='ocr_line' id='line_1_35' title="bbox 279 2976 1409 3043; baseline 0.001 -13"><span class='ocrx_word' id='word_1_271' title='bbox 279 2983 571 3040; x_wconf 81' lang='lat' dir='ltr'><strong>conatum,</strong></span> <span class='ocrx_word' id='word_1_272' title='bbox 597 2976 864 3041; x_wconf 80' lang='lat' dir='ltr'><strong>quoniam</strong></span> <span class='ocrx_word' id='word_1_273' title='bbox 883 2992 1094 3043; x_wconf 82' lang='lat' dir='ltr'><strong>parum</strong></span> <span class='ocrx_word' id='word_1_274' title='bbox 1112 2979 1221 3032; x_wconf 81' lang='lat' dir='ltr'><strong>rite</strong></span> <span class='ocrx_word' id='word_1_275' title='bbox 1238 2990 1409 3043; x_wconf 78' lang='lat' dir='ltr'><strong>quae-</strong></span> 
     </span>
     <span class='ocr_line' id='line_1_36' title="bbox 280 3041 1208 3110; baseline 0.001 -12"><span class='ocrx_word' id='word_1_276' title='bbox 280 3045 417 3099; x_wconf 83' lang='lat' dir='ltr'><strong>dam</strong></span> <span class='ocrx_word' id='word_1_277' title='bbox 451 3043 710 3110; x_wconf 77' lang='lat' dir='ltr'><strong>fecisset,</strong></span> <span class='ocrx_word' id='word_1_278' title='bbox 741 3041 986 3110; x_wconf 82' lang='lat' dir='ltr'><strong>fulmine</strong></span> <span class='ocrx_word' id='word_1_279' title='bbox 1020 3046 1208 3100; x_wconf 82' lang='lat' dir='ltr'><strong>ictum.</strong></span> 
     </span>
    </p>
   </div>
   <div class='ocr_carea' id='block_1_8' title="bbox 269 3157 1411 3219">
    <p class='ocr_par' dir='ltr' id='par_1_8' title="bbox 269 3157 1411 3219">
     <span class='ocr_line' id='line_1_37' title="bbox 269 3157 1411 3219; baseline 0.001 -3"><span class='ocrx_word' id='word_1_280' title='bbox 269 3157 382 3219; x_wconf 69' lang='lat'><strong>32.</strong></span> <span class='ocrx_word' id='word_1_281' title='bbox 439 3162 629 3217; x_wconf 80' lang='lat' dir='ltr'><strong>wahl</strong></span> <span class='ocrx_word' id='word_1_282' title='bbox 690 3161 821 3217; x_wconf 85' lang='lat' dir='ltr'><strong>und</strong></span> <span class='ocrx_word' id='word_1_283' title='bbox 867 3160 1241 3219; x_wconf 84' lang='lat' dir='ltr'><strong>Charakter</strong></span> <span class='ocrx_word' id='word_1_284' title='bbox 1294 3163 1411 3218; x_wconf 91' lang='lat' dir='ltr'><strong>des</strong></span> 
     </span>
    </p>
   </div>
   <div class='ocr_carea' id='block_1_9' title="bbox 404 3228 1295 3353">
    <p class='ocr_par' dir='ltr' id='par_1_9' title="bbox 404 3228 1295 3353">
     <span class='ocr_line' id='line_1_38' title="bbox 404 3228 1295 3298; baseline 0.002 -14"><span class='ocrx_word' id='word_1_285' title='bbox 404 3232 647 3285; x_wconf 82' lang='lat' dir='ltr'><strong>Ancus.</strong></span> <span class='ocrx_word' id='word_1_286' title='bbox 721 3228 1142 3298; x_wconf 81' lang='lat' dir='ltr'><strong>Einsetzung</strong></span> <span class='ocrx_word' id='word_1_287' title='bbox 1177 3230 1295 3286; x_wconf 83' lang='lat' dir='ltr'><strong>der</strong></span> 
     </span>
     <span class='ocr_line' id='line_1_39' title="bbox 685 3295 1013 3353; baseline 0.006 -2"><span class='ocrx_word' id='word_1_288' title='bbox 685 3295 1013 3353; x_wconf 82' lang='lat' dir='ltr'><strong>Fetialen.</strong></span> 
     </span>
    </p>
   </div>
   <div class='ocr_carea' id='block_1_10' title="bbox 275 3380 1420 4264">
    <p class='ocr_par' dir='ltr' id='par_1_10' title="bbox 275 3380 1420 4264">
     <span class='ocr_line' id='line_1_40' title="bbox 360 3380 1416 3447; baseline 0.007 -16"><span class='ocrx_word' id='word_1_289' title='bbox 360 3383 408 3437; x_wconf 89' lang='lat'><strong>1.</strong></span> <span class='ocrx_word' id='word_1_290' title='bbox 445 3380 516 3436; x_wconf 84' lang='lat' dir='ltr'><strong>ab</strong></span> <span class='ocrx_word' id='word_1_291' title='bbox 560 3382 667 3447; x_wconf 68' lang='lat' dir='ltr'><strong>in„</strong></span> <span class='ocrx_word' id='word_1_292' title='bbox 723 3380 905 3447; x_wconf 85' lang='lat' dir='ltr'><strong>gleich</strong></span> <span class='ocrx_word' id='word_1_293' title='bbox 952 3380 1040 3436; x_wconf 86' lang='lat' dir='ltr'><strong>bei</strong></span> <span class='ocrx_word' id='word_1_294' title='bbox 1085 3382 1184 3438; x_wconf 85' lang='lat' dir='ltr'><strong>der</strong></span> <span class='ocrx_word' id='word_1_295' title='bbox 1229 3391 1416 3439; x_wconf 84' lang='lat' dir='ltr'><strong>ersten</strong></span> 
     </span>
     <span class='ocr_line' id='line_1_41' title="bbox 276 3447 1416 3516; baseline -0.001 -12"><span class='ocrx_word' id='word_1_296' title='bbox 276 3447 629 3516; x_wconf 71' lang='lat' dir='ltr'><strong>‘Erledigung</strong></span> <span class='ocrx_word' id='word_1_297' title='bbox 674 3449 771 3504; x_wconf 85' lang='lat' dir='ltr'><strong>des</strong></span> <span class='ocrx_word' id='word_1_298' title='bbox 818 3448 1094 3513; x_wconf 73' lang='lat' dir='ltr'><strong>ThroneS,</strong></span> <span class='ocrx_word' id='word_1_299' title='bbox 1140 3466 1188 3505; x_wconf 86' lang='lat' dir='ltr'><strong>c.</strong></span> <span class='ocrx_word' id='word_1_300' title='bbox 1231 3453 1311 3503; x_wconf 89' lang='grc'><strong>17.</strong></span> <span class='ocrx_word' id='word_1_301' title='bbox 1349 3486 1416 3495; x_wconf 89' lang='grc'><strong>-</strong></span> 
     </span>
     <span class='ocr_line' id='line_1_42' title="bbox 283 3517 1417 3582; baseline 0.004 -11"><span class='ocrx_word' id='word_1_302' title='bbox 283 3531 389 3573; x_wconf 79' lang='lat' dir='ltr'><strong>res</strong></span> <span class='ocrx_word' id='word_1_303' title='bbox 425 3517 567 3582; x_wconf 71' lang='lat' dir='ltr'><strong>red„</strong></span> <span class='ocrx_word' id='word_1_304' title='bbox 606 3534 651 3572; x_wconf 87' lang='lat' dir='ltr'><strong>s.</strong></span> <span class='ocrx_word' id='word_1_305' title='bbox 690 3531 737 3571; x_wconf 86' lang='lat' dir='ltr'><strong>c.</strong></span> <span class='ocrx_word' id='word_1_306' title='bbox 777 3520 859 3578; x_wconf 81' lang='lat'><strong>22,</strong></span> <span class='ocrx_word' id='word_1_307' title='bbox 900 3519 945 3567; x_wconf 92' lang='lat'><strong>1.</strong></span> <span class='ocrx_word' id='word_1_308' title='bbox 986 3544 1054 3554; x_wconf 91' lang='lat'>—</span> <span class='ocrx_word' id='word_1_309' title='bbox 1090 3519 1417 3577; x_wconf 82' lang='lat' dir='ltr'><strong>nominave-</strong></span> 
     </span>
     <span class='ocr_line' id='line_1_43' title="bbox 289 3583 1419 3650; baseline 0.004 -11"><span class='ocrx_word' id='word_1_310' title='bbox 289 3590 449 3649; x_wconf 80' lang='lat' dir='ltr'><strong>rant,</strong></span> <span class='ocrx_word' id='word_1_311' title='bbox 488 3599 595 3640; x_wconf 87' lang='lat' dir='ltr'><strong>nur</strong></span> <span class='ocrx_word' id='word_1_312' title='bbox 629 3584 751 3639; x_wconf 86' lang='lat' dir='ltr'><strong>hier</strong></span> <span class='ocrx_word' id='word_1_313' title='bbox 786 3599 911 3639; x_wconf 81' lang='lat' dir='ltr'><strong>vom</strong></span> <span class='ocrx_word' id='word_1_314' title='bbox 949 3583 1218 3650; x_wconf 85' lang='lat' dir='ltr'><strong>Interrex,</strong></span> <span class='ocrx_word' id='word_1_315' title='bbox 1257 3595 1419 3643; x_wconf 90' lang='lat' dir='ltr'><strong>sonst</strong></span> 
     </span>
     <span class='ocr_line' id='line_1_44' title="bbox 280 3651 1420 3800; baseline 0.004 -26"><span class='ocrx_word' id='word_1_316' title='bbox 280 3654 561 3775; x_wconf 52' lang='grc' dir='ltr'><strong>ἶν’ἰῗῗεῖἶι</strong></span> <span class='ocrx_word' id='word_1_317' title='bbox 585 3651 1061 3800; x_wconf 53' lang='lat' dir='ltr'><strong>fflngdepr‘frlfgrgbr</strong></span> <span class='ocrx_word' id='word_1_318' title='bbox 1084 3652 1420 3793; x_wconf 48' lang='grc' dir='ltr'><strong>ἕξιῗῖἷῖἕιῗιῖξ</strong></span> 
     </span>
     <span class='ocr_line' id='line_1_45' title="bbox 288 3786 1416 3854; baseline 0.008 -15"><span class='ocrx_word' id='word_1_319' title='bbox 288 3803 403 3843; x_wconf 78' lang='lat' dir='ltr'><strong>von</strong></span> <span class='ocrx_word' id='word_1_320' title='bbox 449 3786 645 3854; x_wconf 78' lang='lat' dir='ltr'><strong>legati,</strong></span> <span class='ocrx_word' id='word_1_321' title='bbox 700 3786 902 3842; x_wconf 86' lang='lat' dir='ltr'><strong>emmal</strong></span> <span class='ocrx_word' id='word_1_322' title='bbox 948 3800 1096 3844; x_wconf 76' lang='lat' dir='ltr'><strong>eines</strong></span> <span class='ocrx_word' id='word_1_323' title='bbox 1143 3789 1416 3849; x_wconf 80' lang='lat' dir='ltr'><strong>Dictators</strong></span> 
     </span>
     <span class='ocr_line' id='line_1_46' title="bbox 290 3855 1416 3925; baseline 0.004 -16"><span class='ocrx_word' id='word_1_324' title='bbox 290 3860 343 3920; x_wconf 88' lang='grc'><strong>9,</strong></span> <span class='ocrx_word' id='word_1_325' title='bbox 363 3859 452 3919; x_wconf 88' lang='grc'><strong>28,</strong></span> <span class='ocrx_word' id='word_1_326' title='bbox 469 3859 519 3917; x_wconf 82' lang='grc'><strong>2,</strong></span> <span class='ocrx_word' id='word_1_327' title='bbox 550 3855 702 3911; x_wconf 84' lang='lat' dir='ltr'><strong>eines</strong></span> <span class='ocrx_word' id='word_1_328' title='bbox 723 3855 983 3922; x_wconf 79' lang='lat' dir='ltr'><strong>Magister</strong></span> <span class='ocrx_word' id='word_1_329' title='bbox 1003 3857 1170 3925; x_wconf 87' lang='lat' dir='ltr'><strong>equit.</strong></span> <span class='ocrx_word' id='word_1_330' title='bbox 1192 3862 1241 3923; x_wconf 88' lang='lat'><strong>8,</strong></span> <span class='ocrx_word' id='word_1_331' title='bbox 1260 3865 1348 3925; x_wconf 83' lang='grc'><strong>33,</strong></span> <span class='ocrx_word' id='word_1_332' title='bbox 1370 3864 1416 3913; x_wconf 93' lang='grc'><strong>7.</strong></span> 
     </span>
     <span class='ocr_line' id='line_1_47' title="bbox 275 3922 1417 3984; baseline 0.003 -3"><span class='ocrx_word' id='word_1_333' title='bbox 275 3923 466 3981; x_wconf 84' lang='lat' dir='ltr'><strong>.Sonst</strong></span> <span class='ocrx_word' id='word_1_334' title='bbox 508 3938 618 3978; x_wconf 84' lang='lat' dir='ltr'><strong>von</strong></span> <span class='ocrx_word' id='word_1_335' title='bbox 666 3922 790 3979; x_wconf 85' lang='lat' dir='ltr'><strong>dem</strong></span> <span class='ocrx_word' id='word_1_336' title='bbox 825 3922 1048 3980; x_wconf 85' lang='lat' dir='ltr'><strong>Nennen</strong></span> <span class='ocrx_word' id='word_1_337' title='bbox 1095 3925 1244 3982; x_wconf 86' lang='lat' dir='ltr'><strong>eines</strong></span> <span class='ocrx_word' id='word_1_338' title='bbox 1281 3928 1417 3984; x_wconf 88' lang='lat' dir='ltr'><strong>Can·</strong></span> 
     </span>
     <span class='ocr_line' id='line_1_48' title="bbox 289 3990 1419 4060; baseline 0.004 -12"><span class='ocrx_word' id='word_1_339' title='bbox 289 3991 521 4048; x_wconf 81' lang='lat' dir='ltr'><strong>didaten</strong></span> <span class='ocrx_word' id='word_1_340' title='bbox 548 3991 639 4046; x_wconf 86' lang='lat' dir='ltr'><strong>hei</strong></span> <span class='ocrx_word' id='word_1_341' title='bbox 663 3992 763 4047; x_wconf 87' lang='lat' dir='ltr'><strong>der</strong></span> <span class='ocrx_word' id='word_1_342' title='bbox 786 3990 963 4057; x_wconf 82' lang='lat' dir='ltr'><strong>wahl,</strong></span> <span class='ocrx_word' id='word_1_343' title='bbox 1003 3996 1086 4056; x_wconf 88' lang='grc'><strong>24,</strong></span> <span class='ocrx_word' id='word_1_344' title='bbox 1122 3997 1176 4060; x_wconf 90' lang='grc'><strong>8,</strong></span> <span class='ocrx_word' id='word_1_345' title='bbox 1212 3998 1244 4046; x_wconf 93' lang='grc'><strong>2</strong></span> <span class='ocrx_word' id='word_1_346' title='bbox 1283 3996 1419 4052; x_wconf 84' lang='lat' dir='ltr'><strong>oder</strong></span> 
     </span>
     <span class='ocr_line' id='line_1_49' title="bbox 293 4058 1420 4129; baseline 0.004 -14"><span class='ocrx_word' id='word_1_347' title='bbox 293 4058 633 4126; x_wconf 80' lang='lat' dir='ltr'><strong>cooptation</strong></span> <span class='ocrx_word' id='word_1_348' title='bbox 671 4063 760 4121; x_wconf 87' lang='grc'><strong>10,</strong></span> <span class='ocrx_word' id='word_1_349' title='bbox 797 4061 856 4122; x_wconf 90' lang='grc'><strong>8,</strong></span> <span class='ocrx_word' id='word_1_350' title='bbox 893 4064 942 4115; x_wconf 81' lang='grc'><strong>3.</strong></span> <span class='ocrx_word' id='word_1_351' title='bbox 978 4089 1045 4099; x_wconf 87' lang='grc'>-</span> <span class='ocrx_word' id='word_1_352' title='bbox 1079 4064 1325 4129; x_wconf 80' lang='lat' dir='ltr'><strong>creavit,</strong></span> <span class='ocrx_word' id='word_1_353' title='bbox 1373 4080 1420 4120; x_wconf 88' lang='lat' dir='ltr'><strong>s.</strong></span> 
     </span>
     <span class='ocr_line' id='line_1_50' title="bbox 293 4127 1418 4195; baseline 0.007 -17"><span class='ocrx_word' id='word_1_354' title='bbox 293 4144 344 4186; x_wconf 76' lang='lat' dir='ltr'><strong>c.</strong></span> <span class='ocrx_word' id='word_1_355' title='bbox 382 4131 470 4191; x_wconf 89' lang='grc'><strong>17,</strong></span> <span class='ocrx_word' id='word_1_356' title='bbox 507 4130 558 4182; x_wconf 92' lang='grc'><strong>9.</strong></span> <span class='ocrx_word' id='word_1_357' title='bbox 596 4156 661 4166; x_wconf 94' lang='grc'><strong>-</strong></span> <span class='ocrx_word' id='word_1_358' title='bbox 693 4128 833 4195; x_wconf 82' lang='lat' dir='ltr'><strong>filia.</strong></span> <span class='ocrx_word' id='word_1_359' title='bbox 902 4127 1033 4185; x_wconf 87' lang='lat' dir='ltr'><strong>Sein</strong></span> <span class='ocrx_word' id='word_1_360' title='bbox 1067 4128 1232 4186; x_wconf 87' lang='lat' dir='ltr'><strong>Vater</strong></span> <span class='ocrx_word' id='word_1_361' title='bbox 1275 4131 1418 4187; x_wconf 85' lang='lat' dir='ltr'><strong>wird</strong></span> 
     </span>
     <span class='ocr_line' id='line_1_51' title="bbox 293 4195 1418 4264; baseline 0 -12"><span class='ocrx_word' id='word_1_362' title='bbox 293 4195 453 4252; x_wconf 84' lang='lat' dir='ltr'><strong>nicht</strong></span> <span class='ocrx_word' id='word_1_363' title='bbox 499 4195 755 4252; x_wconf 74' lang='lat' dir='ltr'><strong>erwahnt</strong></span> <span class='ocrx_word' id='word_1_364' title='bbox 798 4195 931 4261; x_wconf 83' lang='lat' dir='ltr'><strong>(Cic.</strong></span> <span class='ocrx_word' id='word_1_365' title='bbox 968 4212 1086 4264; x_wconf 83' lang='lat' dir='ltr'><strong>rep.</strong></span> <span class='ocrx_word' id='word_1_366' title='bbox 1121 4201 1179 4261; x_wconf 87' lang='lat'><strong>2,</strong></span> <span class='ocrx_word' id='word_1_367' title='bbox 1219 4203 1313 4264; x_wconf 89' lang='grc'><strong>18,</strong></span> <span class='ocrx_word' id='word_1_368' title='bbox 1352 4203 1418 4252; x_wconf 86' lang='grc'><strong>33</strong></span> 
     </span>
    </p>
   </div>
   <div class='ocr_carea' id='block_1_11' title="bbox 289 4263 1425 4334">
    <p class='ocr_par' dir='ltr' id='par_1_11' title="bbox 289 4263 1425 4334">
     <span class='ocr_line' id='line_1_52' title="bbox 289 4263 1425 4334; baseline 0.003 -13"><span class='ocrx_word' id='word_1_369' title='bbox 289 4265 548 4321; x_wconf 75' lang='lat' dir='ltr'><strong>obseura</strong></span> <span class='ocrx_word' id='word_1_370' title='bbox 599 4268 689 4320; x_wconf 76' lang='lat' dir='ltr'><strong>est</strong></span> <span class='ocrx_word' id='word_1_371' title='bbox 739 4263 984 4321; x_wconf 76' lang='lat' dir='ltr'><strong>historia</strong></span> <span class='ocrx_word' id='word_1_372' title='bbox 1028 4265 1322 4334; x_wconf 83' lang='lat' dir='ltr'><strong>Romana,</strong></span> <span class='ocrx_word' id='word_1_373' title='bbox 1370 4270 1425 4324; x_wconf 78' lang='lat' dir='ltr'><strong>si</strong></span> 
     </span>
    </p>
   </div>
   <div class='ocr_carea' id='block_1_12' title="bbox 291 4333 1421 4477">
    <p class='ocr_par' dir='ltr' id='par_1_12' title="bbox 291 4333 1421 4477">
     <span class='ocr_line' id='line_1_53' title="bbox 291 4333 1421 4402; baseline 0.003 -11"><span class='ocrx_word' id='word_1_374' title='bbox 291 4333 525 4402; x_wconf 77' lang='lat' dir='ltr'><strong>quidem</strong></span> <span class='ocrx_word' id='word_1_375' title='bbox 557 4334 729 4390; x_wconf 75' lang='lat' dir='ltr'><strong>iatius</strong></span> <span class='ocrx_word' id='word_1_376' title='bbox 771 4335 927 4400; x_wconf 68' lang='lat' dir='ltr'><strong>reqis</strong></span> <span class='ocrx_word' id='word_1_377' title='bbox 972 4338 1208 4391; x_wconf 81' lang='lat' dir='ltr'><strong>matrem</strong></span> <span class='ocrx_word' id='word_1_378' title='bbox 1250 4337 1421 4394; x_wconf 73' lang='lat' dir='ltr'><strong>habe·</strong></span> 
     </span>
     <span class='ocr_line' id='line_1_54' title="bbox 399 4433 728 4477; baseline 0.003 -3"><span class='ocrx_word' id='word_1_379' title='bbox 399 4433 568 4474; x_wconf 68' lang='lat' dir='ltr'><strong>Livius</strong></span> <span class='ocrx_word' id='word_1_380' title='bbox 611 4434 662 4477; x_wconf 84' lang='lat' dir='ltr'><strong>B.</strong></span> <span class='ocrx_word' id='word_1_381' title='bbox 690 4435 728 4475; x_wconf 90' lang='lat'><strong>1.</strong></span> 
     </span>
    </p>
   </div>
   <div class='ocr_carea' id='block_1_13' title="bbox 1512 1957 2636 2365">
    <p class='ocr_par' dir='ltr' id='par_1_13' title="bbox 1512 1957 2636 2365">
     <span class='ocr_line' id='line_1_55' title="bbox 1513 1957 2632 2083; baseline -0.002 -68"><span class='ocrx_word' id='word_1_382' title='bbox 1513 1975 1666 2082; x_wconf 56' lang='grc' dir='ltr'><strong>πηέε,</strong></span> <span class='ocrx_word' id='word_1_383' title='bbox 1705 1962 2040 2083; x_wconf 51' lang='grc' dir='ltr'><strong>ξρηονέιῦηαε</strong></span> <span class='ocrx_word' id='word_1_384' title='bbox 2082 1958 2328 2028; x_wconf 77' lang='lat' dir='ltr'><strong>patrem)</strong></span> <span class='ocrx_word' id='word_1_385' title='bbox 2364 1957 2487 2081; x_wconf 56' lang='lat' dir='ltr'><strong>uult}J</strong></span> <span class='ocrx_word' id='word_1_386' title='bbox 2525 1974 2632 2014; x_wconf 89' lang='lat' dir='ltr'><strong>nur</strong></span> 
     </span>
     <span class='ocr_line' id='line_1_56' title="bbox 1514 2034 2634 2161; baseline -0.002 -10"><span class='ocrx_word' id='word_1_387' title='bbox 1514 2034 2130 2151; x_wconf 46' lang='lat' dir='ltr'><strong>ggssggnllffienbislffffl?</strong></span> <span class='ocrx_word' id='word_1_388' title='bbox 2126 2042 2248 2161; x_wconf 46' lang='lat'>{11¹}</span> <span class='ocrx_word' id='word_1_389' title='bbox 2258 2043 2528 2152; x_wconf 47' lang='lat' dir='ltr'><strong>Gxaeichn</strong></span> <span class='ocrx_word' id='word_1_390' title='bbox 2528 2041 2634 2161; x_wconf 50' lang='lat'><strong>¹332</strong></span> 
     </span>
     <span class='ocr_line' id='line_1_57' title="bbox 1514 2161 2633 2229; baseline -0.002 -11"><span class='ocrx_word' id='word_1_391' title='bbox 1514 2163 1632 2229; x_wconf 87' lang='lat' dir='ltr'><strong>legt</strong></span> <span class='ocrx_word' id='word_1_392' title='bbox 1677 2161 1748 2229; x_wconf 89' lang='lat' dir='ltr'><strong>(c.</strong></span> <span class='ocrx_word' id='word_1_393' title='bbox 1783 2166 1879 2228; x_wconf 83' lang='lat'><strong>34,</strong></span> <span class='ocrx_word' id='word_1_394' title='bbox 1917 2163 1997 2227; x_wconf 82' lang='lat'><strong>6),</strong></span> <span class='ocrx_word' id='word_1_395' title='bbox 2035 2163 2166 2218; x_wconf 89' lang='lat' dir='ltr'><strong>weil</strong></span> <span class='ocrx_word' id='word_1_396' title='bbox 2215 2180 2276 2219; x_wconf 89' lang='lat' dir='ltr'><strong>er</strong></span> <span class='ocrx_word' id='word_1_397' title='bbox 2311 2179 2375 2218; x_wconf 88' lang='lat' dir='ltr'><strong>so</strong></span> <span class='ocrx_word' id='word_1_398' title='bbox 2420 2162 2502 2218; x_wconf 86' lang='lat' dir='ltr'><strong>als</strong></span> <span class='ocrx_word' id='word_1_399' title='bbox 2540 2162 2633 2217; x_wconf 84' lang='lat' dir='ltr'><strong>Sa·</strong></span> 
     </span>
     <span class='ocr_line' id='line_1_58' title="bbox 1512 2228 2633 2298; baseline -0.003 -12"><span class='ocrx_word' id='word_1_400' title='bbox 1512 2231 1687 2293; x_wconf 85' lang='lat' dir='ltr'><strong>hiner,</strong></span> <span class='ocrx_word' id='word_1_401' title='bbox 1724 2228 1823 2286; x_wconf 86' lang='lat' dir='ltr'><strong>der</strong></span> <span class='ocrx_word' id='word_1_402' title='bbox 1855 2231 2031 2286; x_wconf 88' lang='lat' dir='ltr'><strong>vierte</strong></span> <span class='ocrx_word' id='word_1_403' title='bbox 2052 2229 2232 2298; x_wconf 79' lang='lat' dir='ltr'><strong>Konig</strong></span> <span class='ocrx_word' id='word_1_404' title='bbox 2267 2230 2387 2286; x_wconf 86' lang='lat' dir='ltr'><strong>also</strong></span> <span class='ocrx_word' id='word_1_405' title='bbox 2421 2228 2633 2284; x_wconf 88' lang='lat' dir='ltr'><strong>wieder</strong></span> 
     </span>
     <span class='ocr_line' id='line_1_59' title="bbox 1513 2296 2636 2365; baseline -0.002 -10"><span class='ocrx_word' id='word_1_406' title='bbox 1513 2315 1612 2355; x_wconf 91' lang='lat' dir='ltr'><strong>aus</strong></span> <span class='ocrx_word' id='word_1_407' title='bbox 1638 2298 1745 2355; x_wconf 84' lang='lat' dir='ltr'><strong>deu</strong></span> <span class='ocrx_word' id='word_1_408' title='bbox 1773 2298 1940 2354; x_wconf 87' lang='lat' dir='ltr'><strong>Tities</strong></span> <span class='ocrx_word' id='word_1_409' title='bbox 1975 2311 2300 2365; x_wconf 82' lang='lat' dir='ltr'><strong>genommen</strong></span> <span class='ocrx_word' id='word_1_410' title='bbox 2337 2296 2636 2355; x_wconf 87' lang='lat' dir='ltr'><strong>erscheint.</strong></span> 
     </span>
    </p>
   </div>
   <div class='ocr_carea' id='block_1_14' title="bbox 1511 2394 2646 4300">
    <p class='ocr_par' dir='ltr' id='par_1_14' title="bbox 1511 2394 2646 4288">
     <span class='ocr_line' id='line_1_60' title="bbox 1578 2394 2635 2468; baseline 0.001 -16"><span class='ocrx_word' id='word_1_411' title='bbox 1578 2404 1628 2458; x_wconf 90' lang='grc'><strong>2.</strong></span> <span class='ocrx_word' id='word_1_412' title='bbox 1665 2416 1824 2458; x_wconf 82' lang='lat' dir='ltr'><strong>mem.</strong></span> <span class='ocrx_word' id='word_1_413' title='bbox 1863 2405 1917 2457; x_wconf 78' lang='lat' dir='ltr'><strong>et</strong></span> <span class='ocrx_word' id='word_1_414' title='bbox 1951 2417 2020 2468; x_wconf 75' lang='lat' dir='ltr'><strong>Q..</strong></span> <span class='ocrx_word' id='word_1_415' title='bbox 2055 2398 2195 2456; x_wconf 81' lang='lat' dir='ltr'><strong>iiber</strong></span> <span class='ocrx_word' id='word_1_416' title='bbox 2230 2399 2335 2456; x_wconf 86' lang='lat' dir='ltr'><strong>den</strong></span> <span class='ocrx_word' id='word_1_417' title='bbox 2372 2394 2635 2455; x_wconf 87' lang='lat' dir='ltr'><strong>Wechsel</strong></span> 
     </span>
     <span class='ocr_line' id='line_1_61' title="bbox 1512 2469 2634 2533; baseline -0.001 -9"><span class='ocrx_word' id='word_1_418' title='bbox 1512 2470 1611 2525; x_wconf 87' lang='lat' dir='ltr'><strong>der</strong></span> <span class='ocrx_word' id='word_1_419' title='bbox 1636 2469 1853 2525; x_wconf 86' lang='lat' dir='ltr'><strong>Constr.</strong></span> <span class='ocrx_word' id='word_1_420' title='bbox 1888 2487 1935 2526; x_wconf 90' lang='lat' dir='ltr'><strong>s.</strong></span> <span class='ocrx_word' id='word_1_421' title='bbox 1967 2484 2036 2524; x_wconf 86' lang='lat' dir='ltr'><strong>zu</strong></span> <span class='ocrx_word' id='word_1_422' title='bbox 2072 2484 2123 2523; x_wconf 93' lang='lat' dir='ltr'><strong>c.</strong></span> <span class='ocrx_word' id='word_1_423' title='bbox 2146 2472 2196 2531; x_wconf 85' lang='grc'><strong>4,</strong></span> <span class='ocrx_word' id='word_1_424' title='bbox 2233 2472 2282 2524; x_wconf 89' lang='grc'><strong>2.</strong></span> <span class='ocrx_word' id='word_1_425' title='bbox 2315 2494 2385 2506; x_wconf 90' lang='grc'>-</span> <span class='ocrx_word' id='word_1_426' title='bbox 2420 2473 2634 2533; x_wconf 82' lang='lat' dir='ltr'><strong>cetera,</strong></span> 
     </span>
     <span class='ocr_line' id='line_1_62' title="bbox 1513 2536 2633 2599; baseline -0.004 -7"><span class='ocrx_word' id='word_1_427' title='bbox 1513 2536 1790 2593; x_wconf 83' lang='lat' dir='ltr'><strong>adverbial</strong></span> <span class='ocrx_word' id='word_1_428' title='bbox 1855 2536 1969 2592; x_wconf 85' lang='lat' dir='ltr'><strong>ehr.</strong></span> <span class='ocrx_word' id='word_1_429' title='bbox 1988 2537 2202 2599; x_wconf 78' lang='lat' dir='ltr'><strong>Aecus..</strong></span> <span class='ocrx_word' id='word_1_430' title='bbox 2229 2552 2272 2592; x_wconf 91' lang='lat' dir='ltr'><strong>s.</strong></span> <span class='ocrx_word' id='word_1_431' title='bbox 2295 2547 2367 2591; x_wconf 72' lang='lat' dir='ltr'><strong>vzu</strong></span> <span class='ocrx_word' id='word_1_432' title='bbox 2392 2550 2439 2590; x_wconf 91' lang='lat' dir='ltr'><strong>c.</strong></span> <span class='ocrx_word' id='word_1_433' title='bbox 2463 2539 2513 2598; x_wconf 90' lang='grc'><strong>9,</strong></span> <span class='ocrx_word' id='word_1_434' title='bbox 2541 2538 2633 2595; x_wconf 86' lang='grc'><strong>15;</strong></span> 
     </span>
     <span class='ocr_line' id='line_1_63' title="bbox 1511 2603 2636 2683; baseline 0 -25"><span class='ocrx_word' id='word_1_435' title='bbox 1511 2608 1561 2668; x_wconf 89' lang='grc'><strong>8,</strong></span> <span class='ocrx_word' id='word_1_436' title='bbox 1596 2609 1649 2672; x_wconf 85' lang='grc'><strong>3,</strong></span> <span class='ocrx_word' id='word_1_437' title='bbox 1687 2605 1782 2659; x_wconf 77' lang='lat' dir='ltr'><strong>‘im</strong></span> <span class='ocrx_word' id='word_1_438' title='bbox 1867 2603 2110 2683; x_wconf 70' lang='lat' dir='ltr'><strong>ebrigen.</strong></span> <span class='ocrx_word' id='word_1_439' title='bbox 2147 2610 2348 2665; x_wconf 89' lang='lat' dir='ltr'><strong>sonst‚’</strong></span> <span class='ocrx_word' id='word_1_440' title='bbox 2388 2604 2511 2659; x_wconf 90' lang='lat' dir='ltr'><strong>eine</strong></span> <span class='ocrx_word' id='word_1_441' title='bbox 2534 2605 2636 2659; x_wconf 84' lang='lat' dir='ltr'><strong>Art</strong></span> 
     </span>
     <span class='ocr_line' id='line_1_64' title="bbox 1515 2668 2635 2740; baseline -0.004 -12"><span class='ocrx_word' id='word_1_442' title='bbox 1515 2672 1777 2728; x_wconf 61' lang='lat' dir='ltr'><strong>Gracism.</strong></span> <span class='ocrx_word' id='word_1_443' title='bbox 1816 2676 1911 2737; x_wconf 85' lang='grc' dir='ltr'><strong>(τοι</strong></span> <span class='ocrx_word' id='word_1_444' title='bbox 1938 2668 2163 2740; x_wconf 76' lang='grc' dir='ltr'><strong>λοιποί),</strong></span> <span class='ocrx_word' id='word_1_445' title='bbox 2201 2671 2306 2727; x_wconf 85' lang='lat' dir='ltr'><strong>den</strong></span> <span class='ocrx_word' id='word_1_446' title='bbox 2332 2670 2438 2726; x_wconf 84' lang='lat' dir='ltr'><strong>Cic.</strong></span> <span class='ocrx_word' id='word_1_447' title='bbox 2465 2670 2635 2733; x_wconf 81' lang='lat' dir='ltr'><strong>nicht,</strong></span> 
     </span>
     <span class='ocr_line' id='line_1_65' title="bbox 1514 2738 2639 2807; baseline -0.004 -11"><span class='ocrx_word' id='word_1_448' title='bbox 1514 2738 1724 2796; x_wconf 85' lang='lat' dir='ltr'><strong>Sallust</strong></span> <span class='ocrx_word' id='word_1_449' title='bbox 1769 2739 1949 2796; x_wconf 87' lang='lat' dir='ltr'><strong>selten</strong></span> <span class='ocrx_word' id='word_1_450' title='bbox 1994 2738 2101 2807; x_wconf 87' lang='lat' dir='ltr'><strong>(Fr.</strong></span> <span class='ocrx_word' id='word_1_451' title='bbox 2141 2743 2267 2804; x_wconf 88' lang='grc'><strong>196,</strong></span> <span class='ocrx_word' id='word_1_452' title='bbox 2315 2743 2378 2791; x_wconf 92' lang='grc'><strong>13</strong></span> <span class='ocrx_word' id='word_1_453' title='bbox 2431 2740 2639 2805; x_wconf 81' lang='lat' dir='ltr'><strong>imperi</strong></span> 
     </span>
     <span class='ocr_line' id='line_1_66' title="bbox 1515 2807 2639 2875; baseline 0 -15"><span class='ocrx_word' id='word_1_454' title='bbox 1515 2845 1527 2860; x_wconf 92' lang='lat'><strong>.</strong></span> <span class='ocrx_word' id='word_1_455' title='bbox 1566 2850 1579 2863; x_wconf 93' lang='lat'><strong>.</strong></span> <span class='ocrx_word' id='word_1_456' title='bbox 1622 2808 1977 2875; x_wconf 82' lang='lat' dir='ltr'><strong>percupidus</strong></span> <span class='ocrx_word' id='word_1_457' title='bbox 2034 2807 2376 2871; x_wconf 80' lang='lat' dir='ltr'><strong>habebatur,</strong></span> <span class='ocrx_word' id='word_1_458' title='bbox 2440 2812 2639 2863; x_wconf 80' lang='lat' dir='ltr'><strong>cetera</strong></span> 
     </span>
     <span class='ocr_line' id='line_1_67' title="bbox 1514 2873 2636 3009; baseline -0.002 -11"><span class='ocrx_word' id='word_1_459' title='bbox 1514 2873 2636 3009; x_wconf 53' lang='lat' dir='ltr'><strong>3355033?3,2⁰31„1{³,3,⁷2d3}{·gg;²&#39;5012²14⁸</strong></span> 
     </span>
     <span class='ocr_line' id='line_1_68' title="bbox 1514 3008 2637 3078; baseline -0.003 -11"><span class='ocrx_word' id='word_1_460' title='bbox 1514 3020 1602 3067; x_wconf 85' lang='lat' dir='ltr'><strong>ter</strong></span> <span class='ocrx_word' id='word_1_461' title='bbox 1637 3010 1752 3065; x_wconf 88' lang='lat' dir='ltr'><strong>und</strong></span> <span class='ocrx_word' id='word_1_462' title='bbox 1777 3010 2009 3078; x_wconf 69' lang='lat' dir='ltr'><strong>spatere</strong></span> <span class='ocrx_word' id='word_1_463' title='bbox 2045 3009 2212 3066; x_wconf 70' lang='lat' dir='ltr'><strong>oster.</strong></span> <span class='ocrx_word' id='word_1_464' title='bbox 2264 3010 2357 3065; x_wconf 88' lang='lat' dir='ltr'><strong>Bei</strong></span> <span class='ocrx_word' id='word_1_465' title='bbox 2392 3008 2453 3064; x_wconf 90' lang='lat' dir='ltr'><strong>L.</strong></span> <span class='ocrx_word' id='word_1_466' title='bbox 2490 3009 2637 3064; x_wconf 88' lang='lat' dir='ltr'><strong>noch</strong></span> 
     </span>
     <span class='ocr_line' id='line_1_69' title="bbox 1517 3076 2641 3147; baseline 0.002 -18"><span class='ocrx_word' id='word_1_467' title='bbox 1517 3094 1561 3134; x_wconf 78' lang='grc' dir='ltr'><strong>ο.</strong></span> <span class='ocrx_word' id='word_1_468' title='bbox 1595 3081 1689 3142; x_wconf 88' lang='lat'><strong>35,</strong></span> <span class='ocrx_word' id='word_1_469' title='bbox 1715 3079 1764 3133; x_wconf 90' lang='grc'><strong>6.</strong></span> <span class='ocrx_word' id='word_1_470' title='bbox 1801 3082 1893 3143; x_wconf 87' lang='grc'><strong>21,</strong></span> <span class='ocrx_word' id='word_1_471' title='bbox 1926 3079 1988 3141; x_wconf 89' lang='grc'><strong>8,</strong></span> <span class='ocrx_word' id='word_1_472' title='bbox 2014 3082 2072 3140; x_wconf 83' lang='grc'><strong>9;</strong></span> <span class='ocrx_word' id='word_1_473' title='bbox 2109 3083 2298 3147; x_wconf 70' lang='lat' dir='ltr'><strong>spater</strong></span> <span class='ocrx_word' id='word_1_474' title='bbox 2335 3076 2414 3132; x_wconf 83' lang='lat' dir='ltr'><strong>ad</strong></span> <span class='ocrx_word' id='word_1_475' title='bbox 2444 3084 2641 3132; x_wconf 78' lang='lat' dir='ltr'><strong>cetera</strong></span> 
     </span>
     <span class='ocr_line' id='line_1_70' title="bbox 1516 3146 2638 3213; baseline -0.001 -14"><span class='ocrx_word' id='word_1_476' title='bbox 1516 3150 1612 3211; x_wconf 88' lang='grc'><strong>37,</strong></span> <span class='ocrx_word' id='word_1_477' title='bbox 1655 3149 1718 3209; x_wconf 88' lang='grc'><strong>7,</strong></span> <span class='ocrx_word' id='word_1_478' title='bbox 1756 3150 1821 3199; x_wconf 81' lang='grc'><strong>15</strong></span> <span class='ocrx_word' id='word_1_479' title='bbox 1859 3146 1938 3201; x_wconf 86' lang='lat' dir='ltr'><strong>ad</strong></span> <span class='ocrx_word' id='word_1_480' title='bbox 1970 3152 2164 3203; x_wconf 79' lang='lat' dir='ltr'><strong>cetera</strong></span> <span class='ocrx_word' id='word_1_481' title='bbox 2197 3148 2511 3213; x_wconf 70' lang='lat' dir='ltr'><strong>eyreqium.</strong></span> <span class='ocrx_word' id='word_1_482' title='bbox 2555 3149 2638 3207; x_wconf 84' lang='grc'><strong>30,</strong></span> 
     </span>
     <span class='ocr_line' id='line_1_71' title="bbox 1521 3212 2637 3282; baseline 0 -16"><span class='ocrx_word' id='word_1_483' title='bbox 1521 3217 1571 3281; x_wconf 93' lang='grc'><strong>1,</strong></span> <span class='ocrx_word' id='word_1_484' title='bbox 1607 3218 1642 3266; x_wconf 87' lang='grc'><strong>4</strong></span> <span class='ocrx_word' id='word_1_485' title='bbox 1686 3231 1743 3271; x_wconf 88' lang='lat' dir='ltr'><strong>u.</strong></span> <span class='ocrx_word' id='word_1_486' title='bbox 1793 3218 1844 3270; x_wconf 87' lang='grc' dir='ltr'><strong>ὃ.</strong></span> <span class='ocrx_word' id='word_1_487' title='bbox 1925 3213 2103 3271; x_wconf 88' lang='lat' dir='ltr'><strong>Ueber</strong></span> <span class='ocrx_word' id='word_1_488' title='bbox 2139 3212 2229 3270; x_wconf 84' lang='lat' dir='ltr'><strong>die</strong></span> <span class='ocrx_word' id='word_1_489' title='bbox 2264 3212 2551 3282; x_wconf 87' lang='lat' dir='ltr'><strong>Prolepsis</strong></span> <span class='ocrx_word' id='word_1_490' title='bbox 2589 3230 2637 3269; x_wconf 89' lang='lat' dir='ltr'><strong>s.</strong></span> 
     </span>
     <span class='ocr_line' id='line_1_72' title="bbox 1519 3281 2637 3351; baseline 0.004 -15"><span class='ocrx_word' id='word_1_491' title='bbox 1519 3299 1590 3338; x_wconf 85' lang='lat' dir='ltr'><strong>zu</strong></span> <span class='ocrx_word' id='word_1_492' title='bbox 1623 3299 1669 3338; x_wconf 91' lang='lat' dir='ltr'><strong>c.</strong></span> <span class='ocrx_word' id='word_1_493' title='bbox 1708 3286 1756 3344; x_wconf 91' lang='lat'><strong>1,</strong></span> <span class='ocrx_word' id='word_1_494' title='bbox 1797 3286 1843 3338; x_wconf 86' lang='lat'><strong>1.</strong></span> <span class='ocrx_word' id='word_1_495' title='bbox 1889 3310 1954 3319; x_wconf 91' lang='lat'>—</span> <span class='ocrx_word' id='word_1_496' title='bbox 2002 3284 2187 3351; x_wconf 70' lang='lat' dir='ltr'><strong>reliq..</strong></span> <span class='ocrx_word' id='word_1_497' title='bbox 2238 3281 2520 3340; x_wconf 74' lang='lat' dir='ltr'><strong>‘Cultus’.</strong></span> <span class='ocrx_word' id='word_1_498' title='bbox 2575 3310 2637 3319; x_wconf 85' lang='lat'>-</span> 
     </span>
     <span class='ocr_line' id='line_1_73' title="bbox 1519 3348 2639 3431; baseline 0.003 -27"><span class='ocrx_word' id='word_1_499' title='bbox 1519 3352 1839 3431; x_wconf 43' lang='lat' dir='ltr'><strong>untiquiss„</strong></span> <span class='ocrx_word' id='word_1_500' title='bbox 1865 3350 1962 3406; x_wconf 90' lang='lat' dir='ltr'><strong>der</strong></span> <span class='ocrx_word' id='word_1_501' title='bbox 1987 3349 2206 3420; x_wconf 88' lang='lat' dir='ltr'><strong>Superl.</strong></span> <span class='ocrx_word' id='word_1_502' title='bbox 2229 3350 2286 3405; x_wconf 90' lang='lat' dir='ltr'><strong>in</strong></span> <span class='ocrx_word' id='word_1_503' title='bbox 2310 3349 2493 3406; x_wconf 86' lang='lat' dir='ltr'><strong>dieser</strong></span> <span class='ocrx_word' id='word_1_504' title='bbox 2512 3348 2639 3407; x_wconf 89' lang='lat' dir='ltr'><strong>Bed.</strong></span> 
     </span>
     <span class='ocr_line' id='line_1_74' title="bbox 1520 3416 2641 3486; baseline 0.001 -15"><span class='ocrx_word' id='word_1_505' title='bbox 1520 3435 1624 3471; x_wconf 83' lang='grc' dir='ltr'><strong>απ.</strong></span> <span class='ocrx_word' id='word_1_506' title='bbox 1649 3416 1751 3485; x_wconf 69' lang='lat' dir='ltr'><strong>elo.</strong></span> <span class='ocrx_word' id='word_1_507' title='bbox 1777 3446 1841 3457; x_wconf 89' lang='grc'><strong>·-·</strong></span> <span class='ocrx_word' id='word_1_508' title='bbox 1867 3426 2158 3476; x_wconf 81' lang='lat' dir='ltr'><strong>comment.</strong></span> <span class='ocrx_word' id='word_1_509' title='bbox 2182 3434 2318 3486; x_wconf 67' lang='lat' dir='ltr'><strong>rey„</strong></span> <span class='ocrx_word' id='word_1_510' title='bbox 2345 3435 2386 3473; x_wconf 79' lang='lat' dir='ltr'><strong>s.</strong></span> <span class='ocrx_word' id='word_1_511' title='bbox 2415 3434 2463 3473; x_wconf 83' lang='lat' dir='ltr'><strong>c.</strong></span> <span class='ocrx_word' id='word_1_512' title='bbox 2490 3421 2575 3480; x_wconf 88' lang='lat'><strong>20,</strong></span> <span class='ocrx_word' id='word_1_513' title='bbox 2591 3422 2641 3473; x_wconf 87' lang='lat'><strong>5.</strong></span> 
     </span>
     <span class='ocr_line' id='line_1_75' title="bbox 1520 3486 2642 3555; baseline -0.002 -13"><span class='ocrx_word' id='word_1_514' title='bbox 1520 3514 1587 3525; x_wconf 92' lang='lat'><strong>-—</strong></span> <span class='ocrx_word' id='word_1_515' title='bbox 1616 3488 1851 3555; x_wconf 73' lang='lat' dir='ltr'><strong>pontifi,</strong></span> <span class='ocrx_word' id='word_1_516' title='bbox 1888 3505 1931 3543; x_wconf 91' lang='lat' dir='ltr'><strong>s.</strong></span> <span class='ocrx_word' id='word_1_517' title='bbox 1961 3487 2153 3544; x_wconf 84' lang='lat' dir='ltr'><strong>ebend.</strong></span> <span class='ocrx_word' id='word_1_518' title='bbox 2177 3516 2243 3524; x_wconf 84' lang='lat'><strong>—-</strong></span> <span class='ocrx_word' id='word_1_519' title='bbox 2274 3486 2479 3552; x_wconf 86' lang='lat' dir='ltr'><strong>album,</strong></span> <span class='ocrx_word' id='word_1_520' title='bbox 2520 3488 2642 3541; x_wconf 89' lang='lat' dir='ltr'><strong>eine</strong></span> 
     </span>
     <span class='ocr_line' id='line_1_76' title="bbox 1520 3553 2642 3623; baseline -0.002 -12"><span class='ocrx_word' id='word_1_521' title='bbox 1520 3555 1722 3611; x_wconf 88' lang='lat' dir='ltr'><strong>weisse</strong></span> <span class='ocrx_word' id='word_1_522' title='bbox 1757 3555 1858 3610; x_wconf 88' lang='lat' dir='ltr'><strong>mit</strong></span> <span class='ocrx_word' id='word_1_523' title='bbox 1895 3554 2046 3623; x_wconf 77' lang='lat' dir='ltr'><strong>Gyps</strong></span> <span class='ocrx_word' id='word_1_524' title='bbox 2089 3555 2434 3621; x_wconf 75' lang='lat' dir='ltr'><strong>fiberzogene</strong></span> <span class='ocrx_word' id='word_1_525' title='bbox 2471 3553 2642 3615; x_wconf 79' lang='lat' dir='ltr'><strong>Tafel.</strong></span> 
     </span>
     <span class='ocr_line' id='line_1_77' title="bbox 1521 3621 2641 3691; baseline 0.004 -18"><span class='ocrx_word' id='word_1_526' title='bbox 1521 3627 1570 3685; x_wconf 89' lang='grc'><strong>9,</strong></span> <span class='ocrx_word' id='word_1_527' title='bbox 1606 3625 1693 3688; x_wconf 88' lang='grc'><strong>46,</strong></span> <span class='ocrx_word' id='word_1_528' title='bbox 1731 3628 1762 3674; x_wconf 90' lang='grc'><strong>5</strong></span> <span class='ocrx_word' id='word_1_529' title='bbox 1793 3621 1985 3691; x_wconf 79' lang='lat' dir='ltr'><strong>fastos</strong></span> <span class='ocrx_word' id='word_1_530' title='bbox 2008 3626 2170 3679; x_wconf 82' lang='lat' dir='ltr'><strong>circa</strong></span> <span class='ocrx_word' id='word_1_531' title='bbox 2201 3624 2397 3691; x_wconf 82' lang='lat' dir='ltr'><strong>forum</strong></span> <span class='ocrx_word' id='word_1_532' title='bbox 2429 3625 2491 3676; x_wconf 84' lang='lat' dir='ltr'><strong>in</strong></span> <span class='ocrx_word' id='word_1_533' title='bbox 2516 3621 2641 3677; x_wconf 84' lang='lat' dir='ltr'><strong>albo</strong></span> 
     </span>
     <span class='ocr_line' id='line_1_78' title="bbox 1521 3687 2635 3759; baseline -0.003 -15"><span class='ocrx_word' id='word_1_534' title='bbox 1521 3694 1838 3759; x_wconf 79' lang='lat' dir='ltr'><strong>proposuit.</strong></span> <span class='ocrx_word' id='word_1_535' title='bbox 1860 3718 1926 3729; x_wconf 90' lang='lat'><em>-</em></span> <span class='ocrx_word' id='word_1_536' title='bbox 1952 3691 2104 3747; x_wconf 81' lang='lat' dir='ltr'><strong>elata</strong></span> <span class='ocrx_word' id='word_1_537' title='bbox 2139 3691 2316 3746; x_wconf 86' lang='lat' dir='ltr'><strong>haben</strong></span> <span class='ocrx_word' id='word_1_538' title='bbox 2342 3690 2431 3745; x_wconf 91' lang='lat' dir='ltr'><strong>die</strong></span> <span class='ocrx_word' id='word_1_539' title='bbox 2454 3687 2635 3752; x_wconf 74' lang='lat' dir='ltr'><strong>Hdss„</strong></span> 
     </span>
     <span class='ocr_line' id='line_1_79' title="bbox 1523 3755 2644 3824; baseline -0.004 -9"><span class='ocrx_word' id='word_1_540' title='bbox 1523 3760 1634 3815; x_wconf 85' lang='lat' dir='ltr'><strong>wie</strong></span> <span class='ocrx_word' id='word_1_541' title='bbox 1672 3758 1783 3813; x_wconf 91' lang='lat' dir='ltr'><strong>Cic.</strong></span> <span class='ocrx_word' id='word_1_542' title='bbox 1816 3758 1883 3814; x_wconf 85' lang='lat' dir='ltr'><strong>de</strong></span> <span class='ocrx_word' id='word_1_543' title='bbox 1921 3776 2004 3818; x_wconf 91' lang='lat' dir='ltr'><strong>or.</strong></span> <span class='ocrx_word' id='word_1_544' title='bbox 2040 3762 2097 3822; x_wconf 84' lang='lat'><strong>2,</strong></span> <span class='ocrx_word' id='word_1_545' title='bbox 2139 3762 2228 3821; x_wconf 88' lang='grc'><strong>12,</strong></span> <span class='ocrx_word' id='word_1_546' title='bbox 2265 3760 2329 3810; x_wconf 79' lang='grc'><strong>52</strong></span> <span class='ocrx_word' id='word_1_547' title='bbox 2366 3755 2644 3824; x_wconf 78' lang='lat' dir='ltr'><strong>efferebat</strong></span> 
     </span>
     <span class='ocr_line' id='line_1_80' title="bbox 1520 3824 2644 3883; baseline -0.003 0"><span class='ocrx_word' id='word_1_548' title='bbox 1520 3829 1584 3883; x_wconf 84' lang='lat' dir='ltr'><strong>in</strong></span> <span class='ocrx_word' id='word_1_549' title='bbox 1620 3827 1824 3883; x_wconf 84' lang='lat' dir='ltr'><strong>album.</strong></span> <span class='ocrx_word' id='word_1_550' title='bbox 1894 3826 2066 3883; x_wconf 86' lang='lat' dir='ltr'><strong>Sonst</strong></span> <span class='ocrx_word' id='word_1_551' title='bbox 2108 3826 2165 3881; x_wconf 89' lang='lat' dir='ltr'><strong>in</strong></span> <span class='ocrx_word' id='word_1_552' title='bbox 2202 3825 2301 3881; x_wconf 88' lang='lat' dir='ltr'><strong>der</strong></span> <span class='ocrx_word' id='word_1_553' title='bbox 2336 3824 2464 3882; x_wconf 87' lang='lat' dir='ltr'><strong>Bed.</strong></span> <span class='ocrx_word' id='word_1_554' title='bbox 2501 3825 2644 3880; x_wconf 76' lang='lat' dir='ltr'><strong>‘ein-</strong></span> 
     </span>
     <span class='ocr_line' id='line_1_81' title="bbox 1520 3891 2643 3961; baseline -0.005 -10"><span class='ocrx_word' id='word_1_555' title='bbox 1520 3904 1744 3961; x_wconf 82' lang='lat' dir='ltr'><strong>tragen,</strong></span> <span class='ocrx_word' id='word_1_556' title='bbox 1782 3891 2160 3952; x_wconf 80' lang='lat' dir='ltr'><strong>aufzeichnen’</strong></span> <span class='ocrx_word' id='word_1_557' title='bbox 2199 3892 2432 3961; x_wconf 80' lang='lat' dir='ltr'><strong>referre</strong></span> <span class='ocrx_word' id='word_1_558' title='bbox 2466 3897 2520 3958; x_wconf 89' lang='grc'><strong>4,</strong></span> <span class='ocrx_word' id='word_1_559' title='bbox 2558 3897 2643 3957; x_wconf 90' lang='grc'><strong>11,</strong></span> 
     </span>
     <span class='ocr_line' id='line_1_82' title="bbox 1518 3961 2646 4028; baseline 0.002 -13"><span class='ocrx_word' id='word_1_560' title='bbox 1518 3968 1585 4026; x_wconf 80' lang='lat'><strong>43</strong></span> <span class='ocrx_word' id='word_1_561' title='bbox 1635 3966 1723 4025; x_wconf 86' lang='lat'><strong>13,</strong></span> <span class='ocrx_word' id='word_1_562' title='bbox 1770 3966 1829 4027; x_wconf 87' lang='grc'><strong>7;</strong></span> <span class='ocrx_word' id='word_1_563' title='bbox 1873 3966 1964 4026; x_wconf 86' lang='grc'><strong>34,</strong></span> <span class='ocrx_word' id='word_1_564' title='bbox 2001 3965 2052 4015; x_wconf 94' lang='grc'><strong>6.</strong></span> <span class='ocrx_word' id='word_1_565' title='bbox 2089 3991 2149 3999; x_wconf 91' lang='grc'>-</span> <span class='ocrx_word' id='word_1_566' title='bbox 2190 3962 2352 4028; x_wconf 67' lang='lat' dir='ltr'><strong>abit„</strong></span> <span class='ocrx_word' id='word_1_567' title='bbox 2408 3961 2537 4018; x_wconf 85' lang='lat' dir='ltr'><strong>dass</strong></span> <span class='ocrx_word' id='word_1_568' title='bbox 2584 3979 2646 4017; x_wconf 88' lang='lat' dir='ltr'><strong>er</strong></span> 
     </span>
     <span class='ocr_line' id='line_1_83' title="bbox 1520 4028 2646 4094; baseline 0 -9"><span class='ocrx_word' id='word_1_569' title='bbox 1520 4031 1642 4086; x_wconf 90' lang='lat' dir='ltr'><strong>sich</strong></span> <span class='ocrx_word' id='word_1_570' title='bbox 1689 4032 1821 4094; x_wconf 77' lang='lat' dir='ltr'><strong>(von</strong></span> <span class='ocrx_word' id='word_1_571' title='bbox 1856 4030 1961 4086; x_wconf 85' lang='lat' dir='ltr'><strong>den</strong></span> <span class='ocrx_word' id='word_1_572' title='bbox 1996 4028 2375 4087; x_wconf 68' lang='lat' dir='ltr'><strong>Grundsatzen</strong></span> <span class='ocrx_word' id='word_1_573' title='bbox 2414 4030 2512 4085; x_wconf 88' lang='lat' dir='ltr'><strong>der</strong></span> <span class='ocrx_word' id='word_1_574' title='bbox 2548 4045 2646 4085; x_wconf 84' lang='lat' dir='ltr'><strong>vo·</strong></span> 
     </span>
     <span class='ocr_line' id='line_1_84' title="bbox 1523 4095 2643 4168; baseline 0 -15"><span class='ocrx_word' id='word_1_575' title='bbox 1523 4098 1681 4165; x_wconf 82' lang='lat' dir='ltr'><strong>rigen</strong></span> <span class='ocrx_word' id='word_1_576' title='bbox 1726 4096 2156 4168; x_wconf 80' lang='lat' dir='ltr'><strong>kriegslustigen</strong></span> <span class='ocrx_word' id='word_1_577' title='bbox 2189 4096 2507 4166; x_wconf 67' lang='lat' dir='ltr'><strong>Regia-ung</strong></span> <span class='ocrx_word' id='word_1_578' title='bbox 2552 4095 2643 4161; x_wconf 87' lang='lat' dir='ltr'><strong>ab)</strong></span> 
     </span>
     <span class='ocr_line' id='line_1_85' title="bbox 1524 4162 2644 4288; baseline -0.006 -66"><span class='ocrx_word' id='word_1_579' title='bbox 1524 4183 1655 4287; x_wconf 68' lang='lat'><strong>{⁰3⁶</strong></span> <span class='ocrx_word' id='word_1_580' title='bbox 1692 4203 1775 4288; x_wconf 51' lang='grc' dir='ltr'><strong>,ἳὸ</strong></span> <span class='ocrx_word' id='word_1_581' title='bbox 1791 4166 2026 4286; x_wconf 54' lang='grc' dir='ltr'><strong>νπὲειιάοιι</strong></span> <span class='ocrx_word' id='word_1_582' title='bbox 2058 4167 2273 4232; x_wconf 86' lang='lat' dir='ltr'><strong>werde,</strong></span> <span class='ocrx_word' id='word_1_583' title='bbox 2331 4162 2441 4233; x_wconf 82' lang='lat' dir='ltr'><strong>vgl,</strong></span> <span class='ocrx_word' id='word_1_584' title='bbox 2477 4180 2522 4220; x_wconf 91' lang='lat' dir='ltr'><strong>c.</strong></span> <span class='ocrx_word' id='word_1_585' title='bbox 2561 4168 2644 4229; x_wconf 88' lang='lat'><strong>21,</strong></span> 
     </span>
    </p>

    <p class='ocr_par' dir='ltr' id='par_1_15' title="bbox 1569 4273 1878 4300">
     <span class='ocr_line' id='line_1_86' title="bbox 1569 4273 1878 4300; baseline 0.006 -2"><span class='ocrx_word' id='word_1_586' title='bbox 1569 4277 1582 4298; x_wconf 70' lang='grc' dir='ltr'><strong><em>ο</em></strong></span> <span class='ocrx_word' id='word_1_587' title='bbox 1656 4277 1670 4298; x_wconf 71' lang='lat' dir='ltr'><em>u</em></span> <span class='ocrx_word' id='word_1_588' title='bbox 1780 4273 1796 4300; x_wconf 73' lang='lat'><em>9</em></span> <span class='ocrx_word' id='word_1_589' title='bbox 1866 4279 1878 4292; x_wconf 89' lang='lat'><strong>·</strong></span> 
     </span>
    </p>
   </div>
   <div class='ocr_carea' id='block_1_15' title="bbox 1595 4335 2649 4475">
    <p class='ocr_par' dir='ltr' id='par_1_16' title="bbox 1595 4335 2649 4475">
     <span class='ocr_line' id='line_1_87' title="bbox 1595 4335 2649 4405; baseline -0.001 -15"><span class='ocrx_word' id='word_1_590' title='bbox 1595 4341 1646 4390; x_wconf 90' lang='grc'><strong>3.</strong></span> <span class='ocrx_word' id='word_1_591' title='bbox 1680 4336 1917 4405; x_wconf 79' lang='lat' dir='ltr'><strong>foedus.</strong></span> <span class='ocrx_word' id='word_1_592' title='bbox 1955 4336 2149 4394; x_wconf 71' lang='lat' dir='ltr'><strong>truber-</strong></span> <span class='ocrx_word' id='word_1_593' title='bbox 2184 4337 2339 4393; x_wconf 89' lang='lat' dir='ltr'><strong>nicht</strong></span> <span class='ocrx_word' id='word_1_594' title='bbox 2375 4335 2649 4393; x_wconf 71' lang='lat' dir='ltr'><strong>erwahnt.</strong></span> 
     </span>
     <span class='ocr_line' id='line_1_88' title="bbox 2207 4425 2237 4475; baseline 0 0"><span class='ocrx_word' id='word_1_595' title='bbox 2207 4425 2237 4475; x_wconf 80' lang='lat'>7</span> 
     </span>
    </p>
   </div>
  </div>
 </body>
</html>
