3019 4878
454 327 578 393 132
1323 328 1548 380 Lmen
1570 329 1617 385 1.
1675 327 1832 380 OAP.
1859 331 1945 380 47.

381 500 413 548 3
449 482 674 545 habere
719 499 896 564 quam
943 499 1188 560 sperare
1233 499 1504 564 regnum„
1532 482 1752 543 mallet.

2427 356 2468 387 a.
2499 358 2540 385 u.
2570 346 2792 388 rte—220.

1842 485 1945 554 „si
2003 493 2066 544 tu
2122 485 2173 544 is
2220 502 2320 555 es,
2385 486 2484 544 cui
2542 491 2797 562 nuptam

448 586 582 629 esse
626 586 722 629 me
765 567 1045 637 arbitror,
1092 574 1151 627 et
1194 567 1384 627 virum
1429 573 1489 628 et
1534 584 1739 645 regem
1785 566 2049 647 appello;
2110 570 2202 630 siu
2247 571 2466 648 minuS,
2513 587 2584 629 eo
2631 585 2794 629 nunc

378 669 413 717 4
448 654 620 732 peius
665 659 891 713 mutata
935 668 1037 712 res
1083 657 1204 721 est,
1250 652 1406 731 quod
1452 652 1586 712 istic
1630 667 1765 713 cum
1812 654 2042 728 ignavia
2090 660 2180 714 est
2222 652 2437 714 scelus.
2508 653 2650 730 quin
2691 671 2795 714 ac·

450 737 742 815 cingeris?
842 754 961 797 non
1017 735 1128 796 tibi
1184 735 1259 796 ab
1316 735 1602 798 Corintho
1660 753 1773 797 nec
1831 736 1906 797 ab
1964 734 2306 818 Tarquiniis
2368 745 2431 798 ut
2483 737 2644 816 patri
2687 744 2793 799 tuo

452 822 767 902 peregrina
813 837 999 897 regna
1031 819 1229 882 moliri
1276 838 1521 882 necesse
1567 828 1689 897 θεὶς
1737 819 1797 880 di
1844 828 1901 881 te
1944 832 2190 899 penates
2234 823 2535 903 patriique
2581 830 2642 882 et
2685 840 2792 902 pa-

448 906 556 968 tris
609 907 803 984 imago
860 913 922 967 et
976 906 1189 966 domus
1246 907 1407 982 regia
1467 912 1529 966 et
1581 907 1642 966 in
1700 905 1876 966 domo
1932 905 2133 984 regale
2185 906 2400 967 solium
2459 913 2519 967 et
2570 924 2794 967 nomeu

384 1007 415 1065 5
451 990 844 1068 Tarquinium
890 998 1059 1051 creat
1101 997 1391 1066 vocatque
1419 1008 1646 1068 regem.
1722 997 1825 1051 aut
1855 990 1907 1050 si
1937 990 2011 1055 ad
2041 989 2192 1052 baec
2222 1009 2433 1069 parum
2464 997 2555 1052 est
2586 991 2790 1060 animi,

452 1074 593 1154 quid
650 1075 959 1137 frustraris
1011 1074 1348 1135 civitatem?
1451 1074 1587 1151 quid
1642 1082 1702 1134 te
1764 1082 1827 1135 ut
1882 1076 2117 1153 regium
2183 1076 2452 1136 iuvenem
2524 1076 2792 1156 conspici

451 1160 633 1221 sinis?
720 1161 950 1220 facesse
995 1160 1136 1220 hinc
1183 1157 1540 1236 Tarquinios
1580 1167 1688 1220 aut
1729 1158 2100 1229 Corinthum,
2149 1158 2460 1220 devolvere
2504 1167 2671 1220 retro
2716 1159 2790 1222 ad

383 1262 416 1309 6
453 1246 721 1323 stirpem,
767 1245 971 1305 fratris
1014 1241 1276 1319 similior=
1299 1260 1477 1323 quam
1509 1244 1761 1322 patris.“
1826 1242 1923 1306 his
1953 1242 2204 1324 aliisque
2234 1244 2601 1322 increpando
2630 1244 2791 1305 iuve-

452 1347 589 1389 nem
634 1329 893 1407 instigat,
941 1345 1054 1389 nec
1098 1328 1525 1407 conquiescere
1558 1329 1685 1407 ipsa
1717 1335 1930 1406 potest,
1976 1330 2045 1403 si,
2092 1346 2224 1390 cum
2258 1326 2568 1408 Tanaquil,
2615 1346 2791 1407 pere-

455 1414 621 1491 grina
668 1412 906 1488 mulier,
958 1420 1185 1475 tautum
1231 1410 1430 1473 moliri
1459 1415 1752 1491 potuisset
1782 1415 2002 1488 animo,
2049 1419 2114 1473 ut
2141 1413 2259 1474 duo
2292 1414 2572 1474 continua
2603 1427 2790 1489 regna

455 1501 583 1559 viro
629 1516 698 1558 ac
743 1498 1028 1577 deinceps
1070 1514 1294 1575 genero
1338 1497 1623 1567 dedisset,
1671 1498 1814 1576 ipsa,
1872 1497 2038 1575 regio
2083 1499 2314 1558 semine
2361 1504 2511 1565 orta.
2556 1494 2791 1558 nullum

392 1601 422 1649 7
457 1591 826 1644 momentum
872 1584 930 1643 in
977 1581 1172 1643 dando
1219 1581 1653 1662 adimendoque
1698 1599 1885 1659 regno
1933 1581 2175 1642 faceret.
2268 1580 2360 1641 his
2396 1580 2789 1644 muliebribus

523 1772 573 1823 3.
608 1768 663 1823 si
698 1771 761 1823 tu
800 1808 813 1821 .
852 1811 865 1823 .
904 1765 1175 1827 arbitror,
1212 1762 1324 1821 bist
1356 1765 1430 1821 du
1458 1763 1574 1831 der,

454 1835 556 1890 mit
602 1835 725 1890 dem
774 1833 863 1889 ich
910 1831 1054 1888 mich
1116 1831 1437 1889 wirklich
1491 1832 1574 1888 als

455 1902 640 1958 Gattin
679 1900 999 1958 verbunden
1036 1916 1105 1956 zu
1142 1897 1319 1957 haben
1354 1898 1573 1968 glaube,

456 1970 511 2027 d.
565 1969 620 2024 h.
677 1985 840 2026 wenn
899 1968 974 2024 du
1028 1968 1119 2023 die
1171 1965 1575 2034 Erwartungen

456 2037 610 2093 nicht
657 2035 966 2103 tauschest‚
1023 2034 1110 2090 die
1165 2034 1251 2091 ich
1299 2052 1405 2093 von
1453 2035 1575 2090 dem

1677 1764 1818 1821 doch
1856 1764 1952 1820 hat
1985 1780 2053 1820 re
2091 1765 2184 1821 ius
2220 1762 2394 1820 ofters
2432 1764 2519 1821 die
2538 1764 2664 1821 Bed.
2683 1781 2793 1822 von

1679 1832 1915 1900 regnatis,
1961 1849 2006 1886 z.
2043 1783 2098 1887 g.
2140 1835 2233 1894 45,
2269 1835 2330 1892 4,
2367 1835 2400 1884 5
2433 1834 2661 1888 minime
2696 1846 2791 1888 re—

1677 1902 1805 1968 qiae
1834 1915 2045 1967 preces
2080 1906 2279 1981 erant..
2305 1903 2389 1964 24,
2428 1903 2512 1980 25,
2550 1903 2601 1952 6.

1679 1967 2186 2092 Ψὲοὴῒῖῗῖῗίἲέἷι
2222 1983 2358 2091 itlisse’
2380 1967 2797 2103 Hblffmffiggaeiii

459 2105 652 2171 home,
707 2107 904 2159 dessen
952 2102 1134 2160 Gattin
1183 2104 1271 2160 ich
1319 2101 1574 2159 wirklich

458 2173 578 2228 sein
637 2168 853 2227 wollte.
940 2169 1119 2227 Ueber
1166 2171 1270 2228 den
1314 2169 1574 2226 Wechsel

460 2239 559 2296 der
595 2238 742 2294 Rode
776 2255 928 2316 s.,‚zu
964 2255 1012 2294 c.
1051 2243 1132 2301 13,
1169 2242 1219 2297 3.
1261 2267 1313 2277 -
1355 2240 1450 2295 sin
1487 2238 1577 2293 bei

458 2311 646 2363 minus
692 2307 767 2363 ist
811 2325 911 2359 απ.
960 2304 1067 2373 sio.
1154 2305 1213 2360 L.
1250 2314 1375 2374 sagi
1416 2315 1576 2363 sonst

456 2375 651 2431 immer
687 2376 742 2430 si
775 2376 983 2430 minus.
1019 2399 1082 2410 —-
1120 2389 1186 2428 eo
1219 2375 1387 2443 peius
1421 2379 1574 2435 mut..

457 2450 546 2500 ‘so
592 2443 669 2499 ist
720 2442 808 2498 die
855 2441 1166 2508 Wendung,
1227 2442 1442 2499 welche
1487 2441 1576 2497 dic

456 2510 631 2567 Sache
703 2524 1062 2576 genommen,
1135 2508 1395 2589 desshalb
1452 2509 1575 2565 eine

458 2576 851 2640 schlimmere',
900 2577 1039 2632 nach
1077 2575 1130 2631 d.
1165 2575 1337 2633 Analo
1381 2592 1433 2632 te
1468 2593 1577 2631 von

455 2645 613 2708 bene,
627 2645 773 2700 male
794 2642 1302 2722 verterengebildetz
1381 2644 1575 2712 rachy·

455 2711 632 2780 logie.
691 2711 955 2778 iibrigens
1000 2729 1100 2763 απ.
1143 2708 1246 2778 sio.
1319 2710 1575 2779 Dagegen

458 2778 685 2847 Quintil.
724 2784 770 2842 1,
813 2784 839 2830 1
879 2778 1027 2834 bona
1061 2779 1242 2847 facile
1278 2785 1577 2835 mutantur

455 2850 517 2901 in
547 2848 737 2914 peius.
811 2846 932 2913 vgl.
970 2847 1109 2904 bene
1145 2854 1396 2912 vertere,
1443 2864 1490 2904 s.
1527 2862 1573 2902 c.

455 2919 539 2978 28,
581 2921 626 2977 1,
666 2914 780 2970 und
803 2915 867 2968 in
886 2914 1093 2970 bonum
1112 2921 1355 2980 vertere,
1383 2918 1463 2976 10,
1486 2916 1572 2979 42,

459 2985 505 3034 7.
542 3015 611 3025 -
647 2984 780 3039 istic
812 3005 881 3025 =
916 2984 978 3037 in
1014 2988 1084 3045 te,
1121 2982 1260 3038 iiber
1297 2982 1384 3038 die
1422 2981 1577 3037 Orts-

457 3049 714 3106 adverbia
752 3065 860 3106 von
895 3047 1177 3106 Personen
1216 3068 1262 3105 s.
1301 3067 1369 3106 zu
1406 3066 1451 3105 c.
1491 3052 1573 3113 10,

459 3123 509 3183 1,
546 3117 665 3174 illic
698 3121 782 3180 40,
821 3121 900 3180 11,
936 3122 990 3173 2.
1051 3120 1183 3174 istic
1202 3116 1465 3185 subrigens
1485 3115 1574 3172 bei

456 3184 516 3241 L.
554 3186 685 3240 sehr
720 3183 915 3249 selten,
955 3188 1002 3248 7,
1039 3189 1123 3250 40,
1162 3190 1241 3241 13.
1279 3187 1415 3242 istin
1436 3199 1578 3240 cnur

459 3258 507 3316 7,
542 3256 626 3317 40,
666 3257 730 3306 10
765 3251 1177 3310 vorkomm'end.
1542 3319 1549 3323 ,

524 3324 575 3376 4.
610 3322 749 3386 quin
785 3321 1110 3388 accinqeris
1143 3343 1210 3365 =
1248 3320 1404 3382 neiu,
1442 3318 1574 3375 rafle

459 3387 584 3443 dich
621 3386 939 3455 (vielmehr)
976 3386 1074 3443 aui
1082 3389 1093 3442 1
1142 3377 1244 3444 Das
1282 3386 1391 3451 (bei
1418 3386 1574 3443 Dich-

461 3463 585 3509 tern
610 3471 665 3509 u.
687 3454 953 3522 spateren
979 3453 1434 3522 vorkommende)
1457 3471 1572 3510 me·

461 3521 604 3577 diale
651 3521 840 3577 Passiv
900 3523 1128 3590 accinqi
1189 3522 1410 3580 absolut
1468 3538 1575 3577 nur

460 3588 611 3652 hier,
657 3597 818 3645 sonst
852 3588 953 3644 mit
988 3591 1090 3653 ad,
1127 3594 1212 3652 28,
1247 3594 1333 3656 41,
1369 3593 1401 3642 8
1438 3591 1576 3658 quin

457 3658 636 3726 iyitur
672 3657 750 3712 ad
781 3657 889 3712 hoc
923 3659 1298 3727 uccinyeris?,
1337 3657 1471 3713 oder
1493 3660 1572 3719 in,

459 3730 519 3789 2,
558 3729 650 3789 12,
690 3729 771 3781 10.
816 3752 881 3762 -—
927 3728 1258 3794 pereyrina,
1296 3726 1368 3781 im
1401 3723 1456 3780 D.
1486 3726 1575 3780 ein

460 3791 664 3856 Subst..
701 3809 747 3849 c.
763 3796 847 3856 41,
866 3797 918 3847 3.
954 3795 1041 3857 38,
1081 3799 1162 3860 17,
1204 3798 1285 3847 18.
1309 3808 1576 3859 —reqna

457 3861 605 3924 mol„
668 3861 828 3917 einen
890 3860 1076 3916 Thron
1137 3862 1397 3927 erringen
1455 3861 1577 3927 (mit

458 3928 664 3996 Mune),
700 3931 783 3991 25,
822 3931 904 3989 22,
941 3931 989 3983 8.
1026 3932 1113 3995 24,
1149 3933 1233 3990 23,
1273 3933 1354 3982 10.
1403 3957 1470 3967 -
1525 3930 1577 3984 α.

457 4011 587 4119 zen.
622 3998 823 4063 patrii,
869 4013 916 4051 s.
954 4010 1022 4050 zu
1059 4013 1106 4054 c.
1144 4002 1190 4059 1,
1229 4000 1279 4061 9,
1328 4012 1436 4053 von
1472 3996 1578 4052 den

509 4061 770 4119 orfahren
808 4062 1012 4119 ererbt.
1067 4093 1135 4103 —
1191 4066 1401 4132 imayo,
1448 4081 1492 4120 s.
1530 4079 1577 4120 c.

460 4135 543 4195 34,
580 4136 627 4184 6.
666 4160 735 4169 —
787 4131 841 4186 d.
878 4132 1057 4198 reqia,
1096 4132 1194 4189 des
1232 4132 1578 4201 Tarquinius».

458 4227 525 4238 —
562 4200 773 4266 requie,
823 4199 932 4255 wie
966 4203 1051 4263 27,
1091 4204 1170 4263 19,
1206 4204 1255 4256 4.
1291 4204 1373 4265 42,
1411 4203 1493 4262 51,
1531 4202 1579 4262 2,

458 4284 576 4323 was
626 4266 802 4323 einem
849 4266 1029 4336 Konig
1081 4267 1344 4332 ahnlich,
1396 4267 1581 4323 seiner

460 4334 685 4403 wfirdig
719 4335 809 4399 ist,
850 4338 1063 4403 reyius,
1100 4351 1218 4390 was
1258 4334 1432 4391 einem
1470 4334 1579 4390 Κό·

459 4403 557 4469 nig
569 4403 872 4471 angeheri,
891 4403 1026 4460 oder
1060 4419 1169 4460 von
1190 4402 1300 4457 ihm
1327 4410 1576 4465 stammt;

1679 2101 1976 2170 Beireiung
2027 2118 2135 2159 von
2191 2102 2414 2159 Servius
2466 2100 2794 2159 Herrschaft

1719 2177 1896 2226 esetzt
1929 2169 2209 2227 haben.—
2246 2172 2516 2236 remiuv..
2553 2169 2791 2238 ‘konigL

1721 2239 1884 2294 rinz’.
1925 2264 1988 2275 —
2022 2253 2222 2305 consp.
2258 2239 2433 2301 sinis,
2467 2236 2585 2293 sich
2621 2237 2795 2294 sehen

1679 2305 1889 2368 lassen,
1957 2303 2238 2370 gewohnl.
2282 2306 2542 2372 conspici
2605 2303 2791 2368 allelu,

1679 2378 1770 2437 31,
1817 2376 1909 2436 24,
1960 2377 2040 2428 13.
2083 2376 2174 2434 34,
2211 2376 2264 2435 4,
2303 2376 2367 2424 14
2409 2389 2519 2428 cur
2553 2388 2669 2429 non
2704 2375 2793 2427 in·

1677 2443 1859 2564 3³⁹.-
1892 2441 2377 2574 ·f..22;².r⁹¹⁰¹‘⁶,i?;.·3.
2405 2444 2795 2565 333333·

1678 2580 1728 2641 4,
1766 2580 1851 2639 58,
1889 2580 1936 2630 ⁷.
1996 2579 2044 2638 6,
2083 2579 2164 2640 ιτ,
2198 2579 2246 2633 8.
2303 2580 2349 2638 1,
2386 2579 2470 2641 48,
2508 2578 2558 2629 6.
2594 2603 2665 2615 —-
2698 2577 2797 2631 de-

1681 2644 1922 2703 volvere.
1942 2642 2173 2699 bildlich
2198 2659 2305 2699 nur
2329 2643 2450 2700 hier
2468 2642 2794 2712 gebraucht.

1677 2712 1834 2768 Auch
1873 2710 1982 2767 Cic.
2016 2709 2156 2767 I’hil.
2192 2714 2241 2777 7,
2281 2714 2330 2773 4,
2369 2714 2447 2763 14.
2474 2739 2539 2749 -
2566 2711 2798 2790 mistir-

1674 2795 1803 2902 {⁰33²
1817 2777 2220 2927 ὐῳᾞῖῗξὲῐ
2252 2777 2795 2902 iffiffeffghfi'ssissz

1678 2930 1786 2971 von
1832 2919 2012 2981 stirps
2058 2911 2310 2968 eutlehnt
2354 2915 2409 2975 6,
2467 2919 2522 2975 1,
2567 2917 2599 2965 3
2646 2913 2799 2970 velut

1680 2982 1751 3038 ab
1835 2981 2113 3048 stirpibus
2205 2980 2412 3036 laetius
2499 2980 2797 3047 feracius·

1679 3064 1785 3117 que
1832 3048 2018 3105 elatae
2065 3047 2244 3104 urbis.
2303 3051 2384 3109 26,
2421 3051 2504 3110 41,
2542 3051 2608 3100 22
2645 3048 2801 3104 velut

1679 3118 1889 3173 accisis
1942 3117 2295 3172 recrescenti
2343 3115 2642 3183 stirpibus.
2712 3119 2796 3178 24,

1678 3188 1763 3247 45,
1800 3189 1832 3237 3
1870 3183 2021 3240 velut
2057 3197 2367 3250 resurgere
2403 3183 2475 3238 ab
2498 3183 2798 3251 stirpibus.

1680 3280 1744 3289 -—
1802 3250 2045 3319 fratris,
2094 3250 2236 3306 iiber
2281 3249 2370 3305 die
2424 3248 2639 3308 Constr.
2687 3267 2796 3306 von

1678 3319 1885 3375 similis
1933 3336 1975 3376 S.
2011 3316 2184 3375 Praef.
2219 3323 2266 3372 8.

1763 3392 1813 3440 6.
1869 3401 1975 3443 nec
2021 3387 2367 3452 conquiesc„
2417 3384 2528 3452 vgl.
2572 3390 2664 3449 30,
2713 3390 2798 3450 13,

1681 3459 1743 3507 12
1793 3470 1900 3510 nec
1957 3456 2290 3521 conquiesse
2350 3454 2531 3509 donec
2566 3492 2579 3506 .
2620 3495 2631 3507 .
2670 3496 2683 3509 .
2731 3481 2800 3490 —

1678 3524 1747 3584 si,
1803 3540 1848 3578 s.
1886 3538 1955 3577 zu
1991 3537 2041 3579 c.
2076 3525 2166 3584 40,
2204 3526 2252 3576 2.
2296 3548 2365 3598 ,Τ
2409 3536 2528 3606 req.
2562 3522 2798 3583 semine,

1679 3605 1871 3647 semen
1924 3612 1992 3633 =
2044 3604 2225 3657 penus
2288 3605 2386 3640 απ.
2443 3605 2546 3654 sto.
2639 3588 2799 3643 Auch

1680 3657 1768 3713 bei
1805 3655 1912 3714 Cic.
1951 3656 2091 3712 Phil.
2124 3661 2178 3719 4,
2204 3661 2251 3717 5,
2290 3663 2449 3711 sonst
2467 3655 2798 3712 mehrdich·

1677 3725 1973 3781 terisch.—
1983 3729 2240 3781 moment.
2258 3723 2395 3789 fac..
2415 3722 2798 3779 entscheiden-

1679 3793 1786 3848 den
1820 3791 2056 3848 Einssuss
2090 3791 2353 3848 ausfiben.
2406 3807 2568 3846 mom.
2591 3790 2800 3858 facere

1682 3858 1843 3923 oster,
1882 3877 1926 3914 z.
1968 3859 2025 3915 Β.
2062 3863 2113 3922 4,
2152 3864 2231 3921 12,
2269 3863 2317 3914 9.
2355 3864 2402 3922 7,
2428 3861 2480 3924 8,
2507 3863 2556 3916 2.
2592 3863 2678 3926 23,
2711 3863 2800 3924 39,

1679 3932 1739 3991 4:
1799 3927 1939 3984 auch
1983 3933 2320 3983 momentum
2355 3942 2483 3983 esse
2519 3926 2611 3989 ad,
2660 3943 2707 3981 z.
2741 3925 2800 3981 B.

1681 3999 1764 4060 21,
1801 4000 1850 4056 4,
1887 3999 1936 4050 2.
1972 3998 2057 4058 42,
2094 3998 2178 4057 45,
2225 3998 2275 4049 8.
2348 3997 2410 4050 in
2445 3997 2539 4056 28,
2582 3997 2670 4060 17,
2713 3998 2797 4051 10.

1681 4066 1744 4118 in
1789 4063 1977 4131 aliquo
2023 4062 2241 4130 aliquid
2282 4064 2548 4119 momenti
2591 4068 2680 4119 est
2723 4062 2806 4117 ud

1683 4134 1776 4192 35,
1812 4136 1901 4193 31,
1963 4135 2011 4183 7.
2048 4134 2139 4193 40,
2181 4135 2268 4194 12,
2310 4134 2389 4187 14.
2462 4134 2801 4187 momentum

1682 4199 1894 4255 habere
1932 4199 2010 4254 ad
2042 4201 2132 4262 42,
2166 4204 2251 4262 46,
2287 4202 2334 4250 5.

1752 4271 1800 4322 7.
1846 4266 2066 4323 mulieb.
2112 4266 2175 4333 s..
2222 4266 2356 4322 mul.
2392 4263 2653 4333 Enallage
2702 4265 2800 4322 des

1683 4334 1898 4403 Adjekt.
1927 4334 2168 4390 stattdes
2183 4333 2446 4396 Genitivs,
2473 4332 2586 4389 ‘die
2607 4333 2803 4389 walm-

1684 4403 1900 4470 sinnige
1943 4401 2329 4458 Leidenschast
2388 4401 2484 4458 des
2536 4400 2801 4458 Weibes’.
