3019 4878
394 265 483 331 90
1239 265 1465 319 mmm
1499 267 1544 319 1.
1613 264 1769 318 cAP.
1804 269 1888 320 28.

2405 293 2446 322 a.
2475 294 2519 324 u.
2543 283 2748 327 82—114.

317 425 358 475 6
395 419 815 483 circumveniri
878 437 941 481 se
987 419 1061 481 ab
1106 425 1274 498 tergo
1318 421 1462 482 ratis
1520 426 1718 481 terror
1773 438 1843 480 ac
1886 419 2025 497 suga
2069 422 2421 481 iniceretur.
2513 437 2625 481 nec
2671 439 2746 483 ea

396 504 601 584 culpa,
648 522 824 584 quam
872 522 1087 583 arguo,
1146 505 1411 565 omnium
1456 502 1817 566 Albanorum
1874 511 1989 565 est:
2059 504 2274 565 ducem
2331 505 2525 566 secuti
2579 513 2744 577 sunt,

393 599 460 651 ut
503 597 563 651 et
602 606 736 656 vos,
791 590 843 649 si
886 606 1002 668 quo
1056 605 1165 666 ego
1222 587 1361 649 inde
1416 605 1631 667 agmen
1672 588 1977 650 declinare
2020 589 2370 659 voluissem,
2402 588 2742 683 fecissetis.

391 673 633 735 Mettius
664 671 761 735 ille
805 672 1139 735 est›ductor
1167 674 1402 735 itineris
1431 672 1630 748 buius,
1676 673 1911 734 Mettius
1953 673 2112 734 idem
2145 673 2322 735 huius
2367 673 2771 737 machinator·

393 756 561 828 belli,
630 757 866 819 Mettius
916 756 1200 818 foederis
1227 758 1481 818 Romani
1538 755 1867 838 Albanique
1924 764 2157 837 ruptor.
2247 758 2460 820 audeat
2516 758 2739 821 deinde

392 841 532 904 talia
576 839 756 912 alius,
813 841 926 903 nisi
968 837 1032 902 in
1078 841 1235 903 hunc
1288 843 1526 919 insigne
1586 845 1705 904 iam
1752 842 2175 904 documentum
2232 841 2583 905 mortalibus
2633 843 2745 906 de-

313 934 357 983 7
395 926 607 988 dero.“

693 922 1077 988 centuriones
1120 927 1331 988 armati
1371 926 1638 987 Mettium
1684 928 2167 995 circumsistunt;
2231 945 2336 988 rex
2382 939 2612 1004 cetera,
2673 939 2745 991 ut

394 1028 566 1072 orsus
634 1019 788 1081 erat,
856 1011 1118 1090 peragit:
1194 1009 1405 1091 „quod
1460 1009 1684 1072 bonum
1743 1012 2000 1072 faustum
2052 1010 2316 1092 felixque
2383 1012 2457 1073 sit
2513 1012 2740 1092 populo

394 1096 659 1156 Romano
727 1112 798 1155 ac
862 1094 1009 1156 mibi
1074 1093 1393 1173 vobisque,
1467 1094 1713 1164 Albani,
1788 1093 2072 1177 populum
2137 1115 2376 1178 omnem
2442 1097 2741 1160 Albanum

393 1180 641 1241 Romam
696 1178 1012 1241 traducere
1066 1180 1129 1239 in
1186 1182 1382 1240 animo
1439 1187 1559 1250 est,
1628 1181 1925 1242 civitatem
1983 1178 2126 1241 dare
2186 1179 2376 1260 plebi,
2443 1183 2740 1261 primores

392 1266 455 1324 in
499 1272 700 1343 patres
741 1262 966 1341 legere,
1010 1282 1189 1324 unam
1234 1262 1466 1332 urbem,
1514 1282 1695 1326 unam
1739 1282 1867 1326 rem
1913 1262 2211 1344 publicam
2243 1264 2465 1327 facere.
2528 1273 2621 1353 ,ut
2665 1286 2740 1328 ex

393 1364 515 1411 uno
560 1347 856 1427 quondam
902 1349 963 1413 in
1009 1347 1159 1408 duos
1215 1349 1467 1428 populos
1513 1347 1701 1410 divisa
1744 1349 1967 1411 Albana
2011 1366 2110 1410 res
2156 1356 2273 1420 est,
2332 1352 2419 1411 sic
2465 1368 2626 1412 nunc
2672 1354 2740 1412 in

313 1440 357 1490 8
392 1450 577 1494 unum
621 1432 892 1493 redeat.“

980 1432 1052 1493 ad
1099 1432 1245 1493 haec
1292 1432 1516 1495 Albana
1568 1432 1757 1513 pubes
1812 1434 2058 1495 inermis
2104 1433 2177 1496 ab
2240 1437 2486 1496 armatis
2531 1441 2738 1515 saepta

390 1519 453 1579 in
525 1518 707 1579 variis
771 1516 1174 1578 voluntatibus
1241 1517 1544 1579 communi
1618 1524 1817 1579 tamen
1882 1525 2043 1579 metu
2110 1526 2361 1597 cogente
2432 1519 2740 1582 silentium

313 1616 356 1665 9
391 1609 575 1663 tenet.
663 1609 785 1662 tum
833 1600 1043 1662 Tullus
1088 1601 1303 1676 „Metti
1347 1601 1592 1662 Fufeti“
1645 1602 1870 1681 inquit,
1932 1604 2036 1672 „si
2077 1604 2206 1681 ipse
2250 1603 2483 1664 discere
2528 1622 2740 1685 posses

390 1684 565 1747 fldem
625 1704 694 1747 ac
747 1685 994 1747 foedera
1048 1702 1314 1755 servare,
1373 1685 1500 1747 vivo
1557 1684 1673 1747 tibi
1728 1704 1795 1746 ea
1851 1686 2163 1766 disciplina
2217 1706 2251 1748 a
2307 1706 2404 1749 me
2467 1687 2738 1750 adbibita

393 1779 581 1831 esset:
657 1787 843 1838 nunc,
903 1772 1186 1847 quoniam
1244 1777 1415 1831 tuum
1471 1769 1803 1832 insanabile
1855 1772 2164 1848 ingenium
2222 1779 2341 1841 est,
2400 1781 2461 1834 at
2514 1780 2577 1834 tu
2630 1781 2739 1835 tuo

390 1853 685 1936 supplicio
731 1854 878 1916 doce
921 1853 1245 1916 humanum
1291 1871 1477 1932 genus
1523 1872 1591 1916 ea
1634 1863 1838 1916 sancta
1884 1854 2162 1925 credere,
2232 1875 2384 1937 quae
2428 1875 2461 1916 a
2508 1865 2566 1919 te
2613 1860 2741 1920 vio·

391 1937 502 2000 lata
565 1945 719 2004 sunt.
804 1947 873 2000 ut
925 1939 1106 2017 igitur
1152 1938 1329 2017 paulo
1388 1945 1526 1999 ante
1582 1941 1851 2022 animum·
1901 1942 2058 2001 inter
2116 1940 2464 2002 Fidenatem
2518 1943 2737 2004 Roma-

390 2041 646 2103 namque
690 2040 819 2084 rem
864 2024 1178 2103 ancipitem
1232 2025 1496 2102 gessisti,
1556 2024 1636 2084 ita
1695 2025 1810 2085 iam
1853 2042 2071 2104 corpus
2129 2026 2347 2104 passim
2396 2025 2739 2089 distrahen-

385 2154 517 2212 dass
555 2199 568 2212 .
604 2161 661 2212 .’.
695 2184 764 2193 -
800 2157 964 2221 ratis,
1002 2155 1148 2211 Part.
1182 2155 1349 2219 Peri..
1386 2154 1505 2211 auf-

389 2221 620 2279 zuliisen
665 2222 839 2278 durch
885 2225 941 2279 si
978 2224 1080 2278 mit
1114 2223 1289 2278 Futur
1337 2230 1508 2280 exact.

381 2289 552 2412 §nach
577 2292 678 2347 Art
700 2290 796 2346 des
822 2290 1029 2358 griech.
1054 2289 1309 2360 Particip.
1336 2289 1508 2358 Aor.).

433 2374 466 2414 o
503 2357 695 2421 (mers,
732 2374 776 2415 z.
803 2357 860 2412 B.
896 2361 946 2420 5,
981 2361 1064 2422 36,
1094 2363 1178 2421 1ος
1217 2359 1358 2414 auch
1386 2358 1509 2422 Cic„

383 2423 605 2482 Caesar.
643 2454 712 2464 —
743 2428 906 2493 fuya,
944 2424 1376 2493 ‘verwirrunga

457 2497 506 2549 6.
543 2508 676 2557 nec,
723 2511 766 2549 s.
816 2509 862 2549 c.
909 2497 992 2558 27,
1041 2497 1087 2550 1.
1138 2520 1209 2531 -
1257 2493 1514 2550 Mettius.

387 2559 526 2616 Man·
555 2558 785 2616 beachte
832 2559 923 2616 die
965 2558 1290 2628 Anaphora,
1327 2563 1504 2617 sowie

381 2626 479 2684 die
503 2626 917 2693 Abwechslung
951 2626 1280 2693 (Chiasmus)
1320 2629 1374 2684 in
1407 2628 1506 2683 der

390 2694 646 2762 Stellung
691 2710 798 2751 von
844 2695 1072 2759 ductor,
1125 2696 1506 2761 machinator,

382 2768 615 2886 ζέἒῖἕζῑ
660 2790 749 2884 ῖιῖ.
782 2762 989 2887 ἕίἷὲἒῖῗ
1017 2770 1388 2887 185..ζῖΡὲῗῖ
1390 2807 1403 2820 ·
1421 2763 1507 2887 ..ἓξ

385 2896 490 2952 Das
516 2894 702 2963 haufig
726 2896 1152 2955 vorkommende
1177 2905 1384 2966 ruptor
1404 2895 1477 2953 fin
1494 2929 1508 2940 ·

381 2962 485 3020 det
519 2964 638 3020 sich
672 2980 771 3020 vor
796 2964 851 3020 1..
877 2965 1032 3021 nicht
1065 2964 1293 3031 (ebenso
1327 2968 1509 3022 inter·

383 3037 604 3099 ceptor,
642 3038 922 3095 assertor.
956 3035 1215 3090 concitor-
1248 3049 1303 3089 u.
1330 3034 1415 3099 a.).
1441 3062 1509 3072 —

389 3100 763 3164 machinator,
792 3099 996 3157 ebenso
1026 3100 1137 3156 wie
1154 3102 1375 3166 ductor,
1400 3117 1509 3157 nur

385 3167 510 3224 hler
532 3168 590 3222 in
608 3166 793 3224 fiblem
814 3166 1008 3231 Sinne:
1036 3169 1238 3226 anders
1258 3172 1341 3232 24,
1367 3172 1449 3231 84,
1476 3172 1508 3220 2

387 3235 750 3291 machinator
760 3234 1088 3292 bellicorum
1101 3242 1511 3293 tormentorum

385 3302 831 3370 (Archimedes).
866 3329 937 3340 -
971 3304 1199 3364 audeat,
1240 3307 1427 3371 ‘moge
1451 3348 1464 3363 .
1492 3344 1508 3360 .

388 3370 738 3425 versuchen’.
773 3398 841 3409 —-·
877 3372 995 3427 nisi
1036 3410 1051 3427 .
1082 3412 1096 3427 .
1133 3372 1373 3436 dedero,
1411 3371 1507 3427 das

386 3435 510 3493 Fut.
529 3435 573 3491 Il
596 3436 696 3491 mit
720 3439 837 3493 nisi
857 3438 915 3492 in
940 3438 1092 3493 einer
1115 3438 1507 3506 Zuslcherung,

388 3504 499 3559 wie
524 3508 573 3566 3,
612 3506 695 3564 68,
736 3508 816 3559 13.
854 3508 907 3569 5,
941 3508 1027 3567 44,
1065 3510 1114 3561 7.
1149 3534 1217 3543 -
1249 3508 1312 3560 in
1335 3506 1508 3569 hunc,

385 3570 816 3638 brachylogisch
851 3594 920 3615 ==
954 3573 1172 3628 docum.
1200 3574 1411 3630 dedero
1446 3576 1508 3629 in

379 3639 543 3695 hunc
590 3639 1082 3702 animadvertens‚·
1136 3658 1202 3695 zu
1243 3640 1388 3697 leich
1434 3642 1511 3697 ist

386 3722 452 3763 so
490 3706 577 3761 die
613 3704 889 3775 Richtung
923 3706 1019 3762 des
1047 3706 1209 3764 Versa
1250 3725 1378 3764 rens
1417 3725 1509 3765 an·

381 3772 636 3842 gegeben
708 3776 846 3830 nach
905 3774 1005 3831 der
1064 3775 1329 3842 Analogie
1397 3793 1508 3832 von

381 3840 712 3907 exemplum
744 3843 916 3899 edere
949 3846 1012 3898 in
1041 3843 1168 3911 aliq.
1204 3847 1287 3905 29,
1322 3849 1383 3906 9,
1417 3848 1503 3905 12;

388 3913 484 3969 27,
521 3913 570 3959 4.
623 3914 713 3970 21,
751 3913 834 3975 57,
873 3913 960 3979 14.
1024 3909 1219 3966 Aelml.
1255 3911 1505 3978 Brachyl.

384 3976 489 4032 mit
533 3979 620 4039 in,
658 3978 736 4032 ad
776 3994 829 4033 u.
867 3994 915 4032 a.
966 3977 1089 4033 sind
1138 3976 1225 4033 bei
1263 3978 1318 4036 L.
1355 3979 1509 4034 nicht

381 4043 586 4099 selten.
634 4071 699 4081 —
742 4045 863 4101 doc.
910 4045 1068 4111 ded.,
1117 4063 1160 4101 S.
1206 4043 1386 4102 Praef.
1429 4050 1509 4102 10.

385 4110 541 4167 Auch
578 4111 799 4169 docum.
851 4118 1109 4170 statuere
1144 4116 1230 4179 24,
1266 4116 1351 4174 45,
1388 4117 1439 4170 5.

455 4181 503 4235 7.
539 4179 692 4246 quod
715 4179 763 4234 b.
786 4179 835 4247 f.
858 4178 906 4248 f.
942 4181 1034 4243 sit,
1072 4198 1120 4238 s.
1147 4197 1216 4236 zu
1241 4196 1285 4237 c.
1316 4184 1395 4244 17,
1423 4184 1507 4239 10.

381 4273 454 4284 --
489 4249 790 4311 civitatem,
830 4264 873 4302 S.
904 4263 949 4302 c.
980 4251 1061 4309 11,
1098 4252 1146 4300 2.
1179 4275 1249 4286 —-
1277 4249 1431 4316 plebi
1454 4288 1469 4305 .
1493 4290 1507 4305 .

378 4319 613 4380 patres,
662 4313 847 4371 ‘Plebs
883 4354 897 4371 .
932 4355 946 4372 .
994 4314 1196 4378 Senat’,
1240 4316 1347 4373 den
1382 4322 1511 4385 spa·

1611 2164 1768 2213 teren
1829 2156 2244 2213 Verbaltnissen
2304 2157 2356 2212 in
2418 2157 2558 2215 Rom
2617 2167 2741 2216 ent-

1611 2224 1948 2292 sprechend,
2000 2225 2091 2280 die
2134 2223 2192 2278 L.
2230 2225 2288 2280 in
2325 2226 2462 2282 Aiha
2506 2243 2742 2283 voraus-

1613 2298 1772 2347 setzt.
1789 2320 1856 2330 -
1877 2292 2089 2357 urbem,
2116 2291 2293 2348 lokal:
2318 2292 2741 2353 Stadtverband.

1682 2363 1732 2413 8.
1768 2362 1831 2415 in
1885 2377 2005 2415 var.
2056 2359 2184 2423 vol„
2241 2379 2286 2416 s.
2333 2377 2401 2416 zu
2455 2377 2502 2418 c.
2552 2366 2641 2426 17,
2687 2367 2741 2421 3.

1618 2427 1924 2495 Gegensatz
1973 2429 2257 2485 communi
2290 2434 2457 2485 metu.
2483 2458 2552 2468 —
2586 2436 2742 2488 metu

1618 2510 1756 2562 coq„
1794 2495 2034 2551 namlich
2060 2494 2508 2564 Stillschweigen
2544 2514 2614 2554 zu
2639 2498 2739 2555 be-

1611 2564 1857 2624 wabren,
1893 2580 1938 2618 s.
1964 2567 2047 2626 44,
2085 2567 2169 2627 25,
2207 2568 2257 2620 8.
2296 2568 2339 2627 1,
2365 2568 2449 2628 48,
2475 2570 2525 2622 3.
2563 2571 2611 2629 7,
2649 2570 2735 2630 25,

1613 2635 1694 2686 13.
1728 2658 1795 2668 -
1831 2636 2000 2695 tenet,
2041 2631 2291 2687 transitiv
2327 2634 2378 2698 5,
2401 2637 2450 2695 9,
2475 2637 2510 2686 4
2544 2650 2600 2691 ιι.
2625 2634 2741 2690 wie

1611 2696 1762 2752 Ovid.
1806 2696 1930 2754 Met.
1983 2703 2040 2761 1,
2088 2701 2187 2751 206
2240 2698 2372 2766 (Cic.
2417 2699 2508 2757 sil.
2558 2716 2739 2769 aqere

1613 2766 1748 2823 oder
1776 2766 1908 2831 uti),
1940 2765 2051 2833 vgl.
2088 2766 2340 2824 obtinuit.
2399 2767 2613 2826 Ebenso
2655 2768 2742 2825 oft

1611 2832 1923 2890 intransitiv
1959 2838 2008 2895 3,
2043 2837 2125 2899 47,
2163 2836 2212 2885 6.
2246 2837 2332 2899 40,
2371 2837 2421 2899 8,
2457 2839 2541 2893 20.

1681 2904 1728 2955 9.
1765 2902 1889 2968 ipse
1925 2901 2173 2963 discere,
2212 2900 2546 2969 Gegensatz:
2593 2905 2739 2963 doce

1611 2968 1922 3024 humanum
1943 2984 2144 3036 aenas,
2170 2996 2237 3006 -
2272 2970 2495 3037 discipl.
2523 2972 2739 3041 adhib„

1613 3035 1728 3090 ‘ich
1765 3035 1915 3091 hatte
1951 3035 2038 3091 dir
2074 3036 2262 3093 diesen
2286 3036 2603 3095 Unterricht
2640 3057 2741 3098 an·

1612 3102 1884 3171 gedeihen
1907 3102 2128 3159 lassen’.
2165 3104 2284 3167 tibi,
2308 3102 2421 3161 Dat.
2441 3109 2733 3173 commod..

1611 3170 2179 3319 :statutt-52:³1·
2204 3176 2265 3294 1³5:
2308 3184 2740 3307 {zbss‘i'zfiisgiss

1612 3305 2173 3372 Adversauvpartlkel
2211 3308 2352 3362 nach
2389 3307 2622 3366 solchen
2657 3312 2734 3367 ir-

1612 3371 1799 3429 realen
1821 3372 2355 3429 conditionalsatzen
2389 3373 2563 3441 (nicht
2587 3380 2734 3445 sed),

1613 3439 1722 3506 vgl.
1758 3440 1966 3508 griech.
2006 3437 2061 3493 εἰ
2087 3481 2101 3497 .
2127 3483 2140 3496 .
2168 3439 2280 3493 νῦν
2316 3438 2398 3494 δέ.
2438 3447 2530 3506 44,
2566 3449 2648 3510 31,
2676 3451 2736 3511 8;

1611 3510 1695 3572 42,
1720 3511 1771 3570 9,
1809 3507 1980 3562 durch
2018 3523 2154 3564 vero
2191 3508 2465 3566 verstarkt
2500 3515 2583 3577 45,
2606 3519 2657 3579 8,
2685 3518 2736 3571 4.

1613 3604 1679 3615 -—
1707 3581 1782 3630 at.
1817 3575 1920 3631 Das
1947 3575 2371 3642 (abbrechende)
2399 3584 2459 3633 at
2483 3578 2735 3637 bezeich-

1612 3651 1708 3698 net
1743 3642 1849 3698 deu
1888 3643 2190 3710 Gegensatz
2239 3659 2309 3699 zu
2344 3643 2468 3701 dem
2503 3649 2740 3705 vorher-

1613 3709 1898 3779 gehenden
1928 3710 2245 3774 Gedanken;
2284 3724 2344 3765 es
2371 3712 2465 3779 ist,
2501 3715 2613 3772 wie
2650 3715 2739 3772 δί’-

1613 3786 1755 3839 ters,
1793 3793 1918 3833 zum
1954 3777 2119 3834 Pron.
2157 3794 2303 3847 perS.
2380 3787 2555 3837 esetzt
2592 3782 2737 3848 (,ob-

1654 3844 1795 3900 leich
1832 3844 1932 3901 der
1968 3845 2270 3913 Gegensatz
2313 3847 2349 3903 h
2374 3864 2435 3903 er
2471 3849 2624 3908 nicht
2659 3852 2735 3909 im

1611 3861 1776 3969 gron.
1801 3911 1971 3980 ruht,)
2007 3912 2122 3968 und
2150 3913 2385 3970 verleiht
2409 3915 2728 3978 demselben

1613 3978 1958 4036 besonderen
1982 3978 2321 4046 Nacbdruck,
2360 3983 2470 4049 vgl.
2496 4000 2544 4041 c.
2575 3989 2654 4049 12,
2681 3991 2734 4044 5.

1613 4051 1669 4112 2,
1705 4050 1799 4110 46,
1845 4051 1895 4105 6.
1949 4051 2006 4110 6,
2043 4051 2134 4112 29,
2172 4053 2233 4112 2;
2294 4048 2441 4106 oster
2487 4054 2627 4109 nach
2665 4058 2735 4121 si,

1611 4116 1831 4184 quodsi,
1859 4130 1905 4171 c.
1929 4118 2013 4178 41,
2038 4120 2086 4167 3.
2124 4121 2172 4181 3,
2199 4120 2281 4179 17,
2306 4122 2365 4179 3;
2402 4121 2484 4183 56,
2514 4124 2578 4174 12
2603 4139 2658 4178 u.
2684 4126 2739 4181 ὅ.

1610 4210 1679 4222 -
1716 4185 1901 4250 ancip.
1947 4185 2130 4246 inter,
2177 4183 2286 4251 vgl.
2328 4184 2484 4253 Verg.
2520 4192 2578 4252 5,
2615 4193 2737 4249 655.

1611 4278 1678 4289 -
1735 4253 1939 4315 assim,
1953 4250 2735 4326 nachverschiedenen(zwei)

1613 4317 1683 4374 Se
1708 4328 1817 4381 ten,
1853 4319 1960 4386 vgl.
1998 4333 2251 4396 ιιηεειοε.μ
